1728 3041
116 242 246 282 rendo
269 242 315 293 ¹9)
345 241 537 292 affirmat,
567 242 639 296 qui
670 242 778 282 idem
796 241 930 290 addit,
969 244 1207 298 Aegyptios,
1237 238 1366 284 molle
1387 250 1428 283 et
1445 244 1610 285 imbelle

116 329 246 370 genus
278 314 495 355 bominum
514 344 527 367 ‚
557 314 668 355 facili
698 316 864 370 negotio
892 314 944 355 ad
973 316 1161 356 ordinem
1192 316 1300 370 cogi.
1357 315 1436 357 Sed
1467 312 1609 358 caussa

118 385 197 425 alia
232 394 336 437 erat,
366 400 497 441 quam
530 387 613 426 Dio
649 388 802 427 omisit.
861 386 1098 428 Trebellius
1128 386 1264 428 Pollio
1292 388 1406 429 enim
1441 384 1483 429 in
1516 390 1609 430 hist.

115 461 209 513 trig.
246 467 324 513 tyr.
355 473 391 498 c.
420 458 543 506 XXI,
588 460 748 512 refert,
778 459 890 514 apud
925 460 1152 514 Memphim
1188 462 1227 501 in
1259 475 1383 501 aurea
1413 463 1607 503 columna

117 533 339 586 Aegyptiis
370 530 501 570 literis
529 533 730 585 scriptum
764 532 904 581 fuisse,
936 539 1023 572 tum
1052 532 1221 571 demum
1243 535 1475 587 Aegyptum
1506 534 1609 573 libe-

114 620 206 645 ram
237 607 505 661 lore,.qunm
536 607 579 645 in
610 620 702 646 eam
732 607 924 646 venerint
950 605 1073 645 fasces
1109 604 1302 654 Romani,
1335 613 1376 647 et
1397 614 1606 662 praetexta

114 678 420 722 Romanorum.
480 678 626 735 Neque
661 679 742 719 hoc
773 677 991 720 oraculum
1017 692 1105 720 esse
1126 680 1293 720 serioris
1318 682 1527 735 temporis,
1560 695 1608 721 ex

115 766 166 793 eo
195 760 397 807 apparet,
440 754 554 807 quod
585 754 832 794 Ciceronem
862 767 1028 807 quoque
1057 753 1110 793 de
1138 752 1218 793 bac
1250 767 1299 794 re
1325 752 1607 809 aliquidme-

121 840 307 865 morasse
337 825 451 868 dicit.
513 825 663 864 Verbis
694 824 776 866 illis
804 825 1006 865 Trebellii
1036 832 1230 865 accurate
1257 840 1304 865 ea
1338 825 1607 880 respondent,

114 912 225 952 qnae
254 897 363 951 apud
408 897 603 938 Tacitum
636 896 862 953 leguntur,
899 898 1002 942 Hist.
1040 904 1087 952 ι’,
1130 914 1171 940 ιι
1200 914 1211 940 =
1256 899 1323 950 „A
1339 905 1549 953 egyptn
1568 913 1607 939 m

114 971 430 1026 copiasque
452 1000 463 1022 ,
514 969 718 1025 quibus
746 977 1182 1022 coercerentur,
1213 971 1305 1010 iam
1335 970 1467 1009 inde
1497 984 1519 1009 a
1557 970 1605 1009 D.

114 1045 369 1097 Augusto
420 1045 654 1097 equites
701 1043 939 1083 Romani
987 1042 1293 1097 obtinent,
1345 1042 1478 1088 loco
1518 1031 1605 1085 re—

113 1129 250 1168 gum.
314 1116 406 1155 lta
438 1116 630 1155 visum
678 1117 957 1170 expedire
979 1146 990 1168 ,
1033 1096 1393 1170 provinciam
1451 1117 1602 1155 aditu

118 1186 481 1238 difficilem,
531 1202 793 1235 annonae
834 1188 1156 1241 secundam,
1188 1189 1607 1241 superstitio-

114 1274 176 1300 ne
202 1274 261 1299 ac
294 1260 544 1300 lascivia
576 1260 904 1302 discordem
935 1269 987 1301 et
1017 1252 1290 1302 mobilem
1313 1291 1325 1313 ‚
1373 1263 1606 1302 insciam

114 1332 319 1387 legum,
352 1333 604 1387 ignaram
637 1335 1077 1387 magistratuum
1111 1335 1256 1375 domi
1291 1335 1607 1376 retinere.“

116 1405 231 1445 Haec
263 1405 392 1460 igitur
422 1405 524 1445 mibi
559 1405 724 1445 videtur
753 1420 895 1446 caussa
917 1406 1055 1458 fuisse,
1089 1407 1224 1462 gravis
1242 1421 1352 1458 sane,
1384 1420 1459 1447 cur
1487 1422 1608 1447 sena-

114 1486 226 1519 tores
254 1485 340 1519 tam
371 1478 549 1519 sollicite
581 1479 632 1519 ab
667 1480 736 1519 illa
767 1487 882 1519 terra
911 1480 1102 1520 adeunda
1135 1482 1339 1531 arcuerit,
1372 1481 1610 1534 superstitio

112 1553 183 1593 illa
220 1553 353 1607 gentis
385 1558 427 1593 et
456 1553 554 1592 vani
586 1553 741 1593 oraculi
772 1553 921 1593 fiducia
941 1583 951 1602 ‚
996 1568 1104 1608 quae
1131 1554 1251 1594 facile
1282 1555 1334 1594 ad
1366 1561 1505 1593 motus
1535 1567 1606 1593 cx-

112 1626 299 1666 citandos
330 1632 370 1666 et
400 1624 640 1665 libertatem
661 1626 988 1679 recuperandam
1006 1625 1211 1676 homines,
1241 1625 1393 1665 stultae
1415 1624 1604 1680 religioni

114 1700 276 1741 deditos
299 1729 312 1751 ‚
358 1712 622 1739 commovere
660 1699 878 1752 potuisset.
953 1701 1038 1739 Nec
1083 1705 1222 1738 tamen
1268 1699 1350 1738 hoc
1378 1698 1604 1749 contendo,

113 1774 295 1813 Dionem
327 1772 407 1811 hac
436 1770 479 1810 in
508 1785 553 1810 re
584 1784 757 1822 errasse,
791 1786 885 1810 nam
912 1786 1010 1811 sane
1041 1772 1154 1827 quod
1188 1772 1439 1825 praefectum
1468 1773 1607 1825 Aegy-

113 1848 187 1900 pti,
217 1847 288 1901 qui
320 1843 428 1899 regis
457 1843 548 1883 loco
580 1852 685 1896 erat,
718 1858 799 1884 non
831 1851 1095 1892 senatorem,
1128 1845 1198 1885 sed
1229 1844 1439 1884 hominem
1470 1845 1605 1898 potins

113 1933 160 1958 ex
193 1918 343 1958 ordine
373 1919 568 1971 equestri,
604 1917 681 1957 sihi
712 1916 903 1957 deditum
933 1922 977 1956 et
1010 1916 1090 1956 fide
1112 1923 1311 1970 spectata,
1341 1930 1426 1956 esse
1453 1916 1607 1955 Caesar

115 1992 320 2042 voluerit,
369 2005 556 2031 caussam
586 1990 684 2031 satis
720 1989 912 2030 idoneam
945 1989 1067 2029 affert
1096 1989 1230 2043 gentis
1264 1989 1535 2029 mobilitatem
1565 1994 1609 2028 et

114 2065 361 2119 provinciae
393 2064 569 2109 divitias.

697 2184 812 2191 ---,-.
820 2184 1027 2189 -————-

686 2327 880 2381 Caput
911 2326 1021 2369 VI.
1605 2366 1607 2370 .

160 2405 230 2449 De
259 2402 450 2462 Aeyypti
477 2406 606 2447 statu
620 2435 632 2457 ,
665 2400 801 2446 Gallo
833 2415 933 2445 eam
963 2405 1154 2457 regente,
1183 2400 1323 2458 deque
1353 2399 1562 2444 laudibus

454 2476 582 2523 Galli
612 2481 773 2535 quarto
804 2475 1057 2534 Georyicon
1085 2477 1285 2520 insertis.

236 2585 378 2625 Variis
407 2584 648 2626 nominibus
678 2592 839 2626 veteres
860 2585 1086 2639 scriptores
1106 2595 1256 2623 munus
1276 2582 1364 2622 eius
1385 2581 1614 2638 designant,

117 2658 188 2711 qni
220 2658 456 2711 Aegyptum
487 2656 823 2698 administrabat.
882 2657 988 2696 Sunt
1020 2655 1090 2711 qui
1120 2668 1213 2696 eum
1255 2656 1503 2696 iudicem
1537 2654 1613 2694 no-

196 2796 255 2841 19)
287 2794 379 2829 Viae
404 2805 440 2841 p.
471 2795 530 2831 32.
