1728 3041
703 87 1031 135 -26-

111 216 223 270 quod
259 222 318 255 tu
352 216 393 256 in
427 228 485 255 vs.
514 214 584 267 46.
616 215 670 254 ita
700 213 854 266 babet,
902 229 986 269 qno
1012 213 1233 257 referatur.
1292 213 1409 255 Idem
1441 214 1608 257 Vossius

115 288 286 327 Catium
318 287 420 328 tum'
441 287 482 327 in
518 286 745 327 Octaviani
776 288 975 338 exercitu,
1006 287 1077 342 qui
1095 293 1245 328 contra
1275 286 1390 329 Sexti
1419 287 1609 341 Pompeii

115 361 356 401 invasiones
385 358 527 401 littora
562 359 702 400 italiae
734 358 1011 411 defendebat,
1056 361 1179 402 fnisse
1207 361 1301 401 satis
1329 359 1610 415 probabiliter

114 436 364 487 swpicatur.
427 423 527 474 Nam
560 441 728 487 praeter
755 432 827 473 has
861 433 965 473 duas
993 433 1271 487 expeditiones
1300 433 1352 472 de
1372 434 1484 473 nulia
1513 431 1609 484 alia,

114 504 194 545 hoc
226 520 335 545 anno
370 506 491 560 sacta,
521 504 633 560 apud
662 505 793 546 ultum
826 505 1076 560 scriptorem
1107 505 1267 561 aliquid
1297 506 1521 548 invenitur.

229 581 290 618 De
325 580 463 619 Vossii
496 579 730 627 sententia,
782 587 879 619 aute
909 580 1020 619 hunc
1057 592 1211 619 annum
1257 579 1426 620 Gallum
1477 578 1608 620 nullas

113 651 264 706 elegias
292 652 505 706 scripsisse
523 681 535 704 ‚
568 651 639 692 sed
668 659 757 692 tum
787 651 954 692 demum
977 681 990 702 ‚
1019 664 1149 707 quum
1179 651 1368 693 desertus
1395 652 1448 694 ab
1478 653 1609 693 amica

113 724 239 763 infida
272 723 432 763 doloris
460 724 716 764 medicamen
749 732 790 765 et
815 725 1008 765 solatium
1029 732 1260 779 quaereret,
1292 725 1502 779 ingenium
1520 726 1609 765 eius

114 797 168 835 aii
200 797 281 836 hoc
315 796 548 837 carminum
582 811 710 851 genus
738 797 863 837 fuisse
892 798 1132 849 excitatum,
1163 798 1245 837 iam
1275 811 1400 852 supra
1419 797 1607 837 diximus.

116 869 206 907 noc
229 882 328 908 sane
352 869 502 909 Vossio
532 870 823 921 concedemus,
854 884 1028 909 mannae
1055 869 1279 924 elegiarum
1314 870 1448 923 partis
1483 883 1609 923 argn-

924 901 948 925 t>

117 946 304 979 mentum
332 939 385 979 ab
412 940 490 979 hac
521 942 605 995 ipsa
637 944 849 982 occasione
879 943 1051 996 petitum
1088 956 1202 994 esse,
1248 940 1300 982 de
1326 956 1408 997 qua
1438 955 1483 982 re
1514 940 1608 981 vide

111 1013 287 1052 aiteram
317 1012 613 1054 dissertationis
641 1021 813 1068 partem.

227 1084 308 1125 Sed
339 1100 469 1140 quum
502 1087 635 1126 oratio
667 1094 809 1127 nostra
837 1087 889 1126 ad
933 1087 1207 1142 Lycoridem,
1260 1088 1369 1128 Galli
1414 1088 1607 1140 amicam,

114 1160 365 1212 pervenerit,
410 1159 491 1199 iam
523 1174 605 1199 non
637 1161 985 1214 praetermittam,
1015 1162 1116 1215 quin
1138 1174 1265 1216 pauca
1285 1158 1336 1201 de
1366 1175 1412 1202 ea
1442 1162 1607 1206 addam.

224 1230 419 1271 Tradidit
449 1232 622 1274 Servius
651 1234 706 1274 ad
738 1233 813 1275 ecl.
835 1235 892 1283 X,
913 1234 1003 1275 init.
1035 1234 1159 1275 haec:
1195 1234 1311 1287 „Hic
1328 1233 1472 1275 Ganus
1493 1249 1608 1275 ama-

106 1302 165 1341 vit
187 1302 455 1357 Cytheridem
484 1306 763 1356 meretricem,
785 1305 979 1346 iibertam
1002 1306 1232 1357 Voiumuii,
1262 1320 1370 1361 quae
1391 1320 1440 1346 eo
1461 1314 1607 1360 spreto

110 1375 345 1414 Antonium
378 1383 545 1417 euntem
578 1378 630 1417 ad
662 1378 817 1420 Gallias
846 1386 904 1419 est
924 1382 1115 1421 secuta.“
1177 1380 1273 1430 Quo
1303 1380 1345 1418 in
1383 1379 1476 1419 loco
1504 1386 1609 1433 quot

107 1454 204 1486 sunt
235 1447 387 1498 vei-ha,
420 1454 484 1489 tot
515 1463 705 1501 errores,
740 1458 802 1492 tot
840 1452 1071 1496 mendacia.
1129 1451 1234 1492 Nam
1266 1459 1312 1492 ut
1341 1466 1363 1492 a
1392 1452 1608 1506 postremis

107 1519 385 1571 incipiamus,
428 1518 733 1575 „Cytheridem
776 1531 913 1578 spreto
955 1524 1079 1564 Gallo
1111 1525 1342 1564 Antonium
1373 1525 1415 1563 in
1455 1523 1611 1562 Gallias

108 1599 277 1632 euntem
300 1599 486 1632 secutam
502 1597 635 1645 esse“,
667 1595 781 1636 unde
809 1597 977 1638 tandem
1008 1597 1087 1638 hoc
1113 1599 1190 1638 scit
1210 1597 1335 1637 homo
1356 1595 1538 1637 sciolus?
1555 1617 1609 1626 -

108 1667 163 1704 At
196 1673 455 1706 commentus
492 1674 592 1719 est,
623 1668 736 1721 quod
768 1676 814 1708 ut
846 1670 1125 1710 demonstrem
1151 1699 1163 1720 ‚
1192 1672 1276 1710 iam
1309 1669 1518 1723 quaedam
1548 1669 1610 1708 af·-

109 1736 284 1779 serenda
313 1744 424 1790 sunt,
459 1752 567 1792 quae
596 1740 735 1780 minus
767 1740 819 1781 ad
851 1755 937 1781 rem
968 1743 1196 1796 pertinent.

224 1809 380 1851 Notum
409 1816 483 1860 est,
513 1811 740 1851 Antonium
768 1813 978 1867 quondam
997 1826 1091 1852 cum
1122 1814 1245 1853 mima
1266 1812 1422 1867 aliqua,
1452 1811 1608 1867 Cythe-

113 1882 203 1921 ride
232 1882 364 1932 dicta,
395 1890 564 1935 turpem
597 1897 719 1922 usum
757 1884 978 1932 habuisse,
1027 1900 1150 1940 quem
1184 1884 1326 1925 multis
1357 1885 1454 1924 locis
1483 1885 1608 1924 vehe-

107 1955 365 1994 mentissime
408 1954 555 1993 Cicero
601 1955 791 2009 exagitat.
861 1956 1070 2011 (Philipp.
1106 1971 1146 2008 2,
1181 1957 1254 2008 24,
1287 1956 1372 2007 583
1421 1957 1489 2007 25,
1518 1956 1607 2009 613

113 2028 180 2077 13,
209 2042 232 2065 2
263 2050 317 2056 —
352 2026 405 2066 ad
441 2028 572 2068 Attic.
604 2027 658 2078 X,
697 2041 760 2078 io,
797 2028 861 2080 16,
897 2029 950 2069 ad
980 2029 1076 2072 fam.
1109 2044 1152 2084 7,
1186 2029 1252 2080 32,
1276 2029 1360 2081 333
1398 2029 1604 2081 15,22-

109 2098 217 2138 adde
246 2098 358 2139 Pint.
393 2100 466 2150 vit,
503 2099 606 2142 Ant.
637 2100 682 2152 6,
718 2115 762 2154 p.
795 2100 849 2156 74
878 2101 1050 2156 Bryan.)

220 2172 313 2210 Fuit
343 2171 446 2212 haec
479 2175 603 2213 mima
637 2174 775 2229 Hippii
817 2175 1030 2216 cuiusdam
1064 2189 1203 2226 serva,
1247 2184 1289 2217 et
1318 2175 1487 2215 mimico
1524 2189 1604 2215 no-

108 2245 222 2283 mine
248 2244 442 2298 Cytheris
474 2244 705 2286 dicebatur.
769 2246 917 2287 Postea
949 2261 1078 2301 quum
1109 2248 1293 2288 Antonio
1322 2247 1604 2302 perplaceret,

111 2317 147 2355 is
175 2317 342 2367 statuit,
370 2330 460 2356 eam
493 2318 568 2356 sibi
596 2319 810 2359 connubio
843 2320 1043 2374 iungere,
1074 2319 1188 2373 quod
1219 2326 1264 2360 ut
1296 2319 1443 2360 meiius
1471 2326 1607 2374 posset

112 2389 215 2439 fieri,
251 2390 480 2431 Volumnio
509 2390 754 2446 Eutrapelo,
785 2405 948 2431 summo
982 2392 1155 2432 Antonii
1185 2379 1604 2442 familiari,-addicta

109 2467 198 2512 est,
249 2463 474 2518 statimque
526 2465 777 2505 manumissa
825 2478 977 2506 nomeu
1019 2464 1382 2506 Volumniae
1427 2465 1602 2519 accepit.

107 2536 317 2577 Antonius
346 2552 434 2578 eam
465 2538 645 2588 amabat,
678 2553 773 2580 cum
805 2538 998 2579 tribunus
1029 2548 1147 2590 esset,
1181 2541 1234 2592 (a.
1267 2554 1311 2580 u.
1332 2554 1368 2583 ο.
1391 2537 1503 2592 704),
1531 2553 1604 2579 ve-

109 2624 205 2649 rum
236 2607 477 2650 admonitus
507 2625 530 2650 a
562 2612 767 2662 Caesare,
814 2617 861 2651 ut.
905 2624 929 2651 e
957 2610 1131 2651 vinculis
1179 2617 1263 2651 tam
1291 2613 1422 2668 turpis
1449 2611 1606 2651 amoris

107 2698 193 2723 sese
233 2684 480 2733 exirit-aret,
525 2683 607 2722 iam
643 2698 756 2724 anno
790 2700 901 2740 709,
946 2699 1029 2739 quo
1061 2684 1204 2725 consul
1237 2692 1356 2737 erat,
1409 2698 1500 2726 eam
1536 2684 1601 2725 di-

108 2754 289 2796 miserat.
346 2755 633 2797 Faisissimum
660 2755 787 2811 igitur
819 2763 908 2808 est,
940 2756 1055 2811 quod
1090 2756 1259 2798 Servius
1307 2762 1482 2811 narrat,
1515 2757 1600 2813 Cy-
