1728 3041
478 608 1237 667 Prooemium.

717 792 982 801 ..ῳ--ψι-ι.

235 985 333 1028 Fuit
364 978 592 1040 aliqnando
623 990 809 1040 tempus,
838 996 973 1040 neque
1002 983 1111 1040 apud
1144 998 1217 1025 nos
1234 991 1394 1026 tantum
1426 985 1468 1026 in
1488 985 1599 1028 Ger-

110 1063 258 1101 mania
276 1089 289 1108 ‚
321 1059 394 1100 sed
425 1059 549 1099 etiam
583 1058 692 1112 apud
724 1065 888 1098 exteras
918 1058 1128 1109 nationes,
1156 1071 1242 1111 quo
1271 1058 1488 1098 literarum
1518 1059 1601 1099 La·

121 1132 305 1173 tinas-um
335 1131 546 1182 studium,
589 1130 622 1170 si
653 1129 823 1185 quidem
853 1115 897 1170 id
928 1143 1145 1185 compares
1173 1142 1266 1170 cum
1299 1131 1488 1171 virorum
1518 1129 1598 1171 do-

118 1212 287 1246 ctorum
315 1218 459 1257 opera,
492 1217 617 1257 quam
648 1203 689 1242 in
716 1204 887 1243 Graecis
899 1202 1175 1251 collocabant,
1213 1202 1335 1242 valde
1364 1202 1597 1257 neglectum

118 1276 444 1332 hominibusque
472 1274 769 1317 umbratilibus
800 1280 841 1316 et
873 1273 1131 1316 scholasticis
1160 1272 1399 1331 delegatum
1424 1275 1597 1319 iacebat.

119 1348 286 1389 Scilicet
315 1350 524 1389 invaserat
550 1349 711 1388 animos
731 1346 957 1387 hominum
988 1361 1034 1387 ea
1066 1347 1222 1402 opinio,
1249 1354 1289 1387 et
1311 1355 1406 1388 sunt
1424 1348 1596 1389 fortasse

119 1436 234 1463 nunc
267 1435 455 1479 quoque,
492 1421 563 1477 qui
592 1426 768 1477 putent,
802 1418 946 1462 literas
976 1420 1144 1462 Latinas
1177 1434 1199 1462 a
1230 1421 1400 1463 Graecis
1429 1420 1484 1462 ita
1518 1436 1593 1463 su-

116 1496 252 1548 perari
279 1502 450 1549 tamque
482 1494 606 1548 longo
634 1495 803 1548 post'se
822 1492 1001 1547 relinqui
1026 1491 1266 1545 intervallo,
1296 1499 1348 1534 ut
1377 1494 1450 1548 qni
1470 1494 1594 1548 paul-

112 1566 244 1607 lulum
275 1568 435 1607 tantum
467 1565 693 1621 elegantior
720 1566 789 1615 sit,
821 1565 981 1606 Latinis
1010 1565 1141 1607 missis
1169 1565 1235 1608 vel
1255 1566 1404 1607 leviter
1427 1573 1593 1608 tantum

111 1639 316 1692 percursis
350 1653 373 1680 e
408 1637 579 1678 Graecis
614 1638 710 1679 solis
738 1636 1091 1678 oblectamentum
1133 1643 1174 1678 et
1202 1638 1387 1679 fructum
1420 1638 1590 1695 ingenio

113 1724 188 1751 suo
216 1712 317 1751 satis
346 1710 517 1765 dignum
547 1710 698 1765 capiat.
758 1711 878 1762 Quae
889 1710 1003 1751 enim
1022 1724 1173 1751 aureae
1199 1711 1354 1752 aetatis
1372 1712 1591 1766 scriptores

113 1781 249 1823 Latini
284 1783 389 1823 lectu
425 1782 550 1837 digna
578 1781 870 1835 condiderint,
900 1795 948 1823 ea
978 1796 1004 1823 a
1036 1782 1205 1824 Graecis
1233 1795 1324 1825 esse
1351 1790 1588 1840 corrogant,

112 1862 239 1910 utque
267 1862 486 1911 tantopere
517 1856 621 1896 infra
651 1855 900 1910 exemplaria
934 1869 1008 1897 sua
1040 1863 1168 1909 stare,
1202 1864 1407 1913 quantum
1441 1844 1586 1914 imagi·

110 1941 183 1969 nes
216 1936 363 1971 rerum
392 1928 498 1970 infra
533 1942 597 1970 res
624 1929 756 1985 ipsas3
798 1928 1026 1970 vetustiora
1070 1943 1171 1971 vero
1210 1931 1396 1971 carmina
1437 1931 1590 1973 Latina

111 2000 272 2043 horridi
300 2003 402 2057 quid
434 2011 474 2044 et
492 2003 637 2043 inculti
657 2014 819 2049 sonare.
871 2002 999 2054 'Quae
1015 2002 1176 2056 opinio,
1207 2004 1452 2057 praesertim
1472 2004 1585 2060 quod

56 2093 62 2099 ·
111 2082 275 2118 veteres
302 2083 449 2131 poetas
478 2077 646 2129 attinet5
665 2077 746 2117 iam
776 2074 938 2116 dudum
967 2075 1200 2131 improbata
1230 2083 1304 2128 est,
1335 2090 1384 2119 ex
1418 2091 1469 2119 eo
1500 2092 1584 2133 po-

109 2148 313 2189 tissimum
343 2155 560 2203 tempore,
588 2162 634 2189 ex
665 2146 748 2205 quo
777 2148 859 2189 viri
892 2148 1004 2189 docti
1033 2149 1075 2188 in
1106 2148 1337 2205 fragmenta
1364 2152 1584 2206 poetarum

109 2221 352 2262 Latinorum
384 2221 695 2276 deperditornm
723 2222 956 2262 accuratius
987 2220 1201 2276 inquirere
1228 2206 1493 2278 inceperunt,
1528 2224 1584 2264 li-

112 2286 386 2350 terarumque*
419 2293 664 2335 Latinarum
697 2292 951 2350 primordia,
999 2300 1222 2349 augmenta
1250 2299 1295 2337 et
1324 2294 1582 2338 incrementa

111 2371 189 2419 per
217 2367 400 2422 singulas
431 2374 583 2407 aetates
616 2366 868 2422 investigare
901 2374 942 2408 et
966 2366 1246 2414 considerare,
1306 2367 1482 2410 Id'enim
1504 2366 1582 2411 hac

108 2450 231 2492 opera
262 2438 454 2481 effectum
483 2445 559 2491 est,
591 2447 637 2479 ut
668 2439 983 2481 concedendum
1005 2439 1070 2491 sit,
1103 2439 1261 2494 poesim
1278 2440 1583 2495 Romanorum,

108 2504 204 2551 na'm
230 2511 282 2551 de
311 2513 512 2565 pedestris
542 2513 742 2553 orationis
770 2512 1043 2567 scriptoribus
1074 2527 1184 2553 nunc
1213 2514 1314 2553 sileo
1333 2544 1344 2563 ‚
1393 2516 1580 2568 quamvis

108 2582 158 2622 ad
191 2578 374 2625 Grssaecae
399 2586 698 2640 perfectionem
731 2599 815 2626 non
845 2584 1146 2640 adspiraverit,
1186 2592 1322 2626 tamen
1357 2601 1431 2627 nec
1463 2587 1578 2640 copia

107 2666 182 2695 nec
210 2658 459 2711 praestantia
490 2667 573 2700 tam
616 2659 724 2700 infra
758 2657 871 2699 illam
900 2665 1033 2711 stare,
1067 2673 1189 2714 quam
1220 2657 1320 2699 olim
1353 2660 1484 2699 visum
1514 2660 1580 2699 sit.

56 2748 61 2754 ⁴
107 2723 215 2778 Nam
245 2737 293 2772 ut
320 2745 343 2773 e
369 2730 513 2775 uultis
543 2746 673 2773 unum
706 2727 902 2786 afferam,
942 2732 1100 2775 etiamsi
1132 2733 1339 2774 Romanos
1373 2732 1413 2771 in
1446 2731 1575 2786 pluri·

1288 2814 1308 2854 1
