1728 3041
676 62 865 125 ...31
946 102 1009 110 .-.

196 145 213 165 Ι

99 220 265 262 minent
285 248 298 270 ,
331 220 456 265 sunt,
498 209 570 266 qui
605 207 951 264 praefectum
971 236 982 257 ,
1022 204 1090 246 alii
1124 212 1477 259 procurator
1498 220 1588 255 em,

97 293 165 336 alii
207 282 625 347 proconsulem
645 310 659 333 ‚
709 280 858 320 Graeci
897 272 1090 331 ἔπαρχον
1121 284 1163 319 et
1193 275 1395 331 ἡγεμόνα.
1472 280 1592 330 Quae

98 366 263 406 nom-ina
298 361 460 402 diversa
493 357 546 398 ab
577 368 626 394 eo
657 353 857 395 videntur
889 351 1076 407 profecta
1116 366 1223 402 esse,
1255 358 1297 391 et
1327 352 1425 406 quia
1456 367 1590 392 novus

98 450 273 494 prorsus
301 439 393 474 erat
425 430 706 484 magistratus,
739 428 916 482 ideoque
947 439 1066 479 saepe
1096 439 1193 464 cum
1221 423 1446 475 veteribus,
1477 425 1512 463 ei
1532 423 1591 463 si..

100 509 281 558 milibus,
311 502 676 549 commiscebatur,
708 506 751 541 et
771 501 868 554 quia
887 497 1060 539 diversis
1079 496 1339 552 temporibus
1355 496 1522 555 diversa
1558 495 1595 534 ei

100 581 265 636 negotia
290 576 599 625 deferebantur.
659 574 897 617 Rectissime
925 564 1063 612 tamen
1093 569 1426 624 praefectus
1455 569 1593 608 nomi·

101 654 190 695 nari
223 651 389 692 videtur
421 656 460 689 et
501 650 709 702 Aegyptus
752 644 1133 700 praefectura
1154 674 1165 696 ‚
1212 656 1308 683 nam
1342 649 1389 682 ut
1434 642 1595 682 Romae

99 726 299 781 praefecti
330 739 474 780 regum
503 725 719 765 consulum
757 731 800 765 et
835 731 976 779 postea
1003 723 1222 762 Caesarum
1245 720 1478 761 absentium
1499 719 1594 760 loco

102 797 255 836 fiebant
275 826 288 847 ,
319 798 376 836 ita
409 798 580 852 Aegypti
617 805 753 838 rector
770 796 888 850 'regis
918 796 1027 835 vices
1054 794 1298 835 sustinebat.
1362 792 1444 833 Sed
1479 792 1594 846 libet,

102 875 148 911 ut
180 869 309 923 magis
337 878 550 924 appareat,
580 884 686 925 quae
715 869 800 909 fere
822 868 949 908 fuerit
964 867 1154 908 condicio
1174 873 1326 915 terrae,
1365 865 1486 905 Gallo
1501 878 1594 905 eam

103 949 286 990 tenente,
318 940 458 983 locum
487 943 720 993 Strabonis,
750 943 821 997 qui
853 939 995 997 paullo
1026 947 1114 996 post
1147 939 1253 979 hanc
1289 945 1448 980 terram
1480 937 1594 978 invi-

103 1013 181 1063 sit,
212 1013 461 1055 adscribere.
518 1015 595 1056 Est
627 1016 659 1055 is
697 1023 837 1055 autem
866 1016 909 1053 in
939 1013 971 1053 l.
1009 1027 1073 1067 17,
1112 1027 1145 1065 1,
1180 1026 1253 1051 1⁴2:
1307 1010 1519 1063 Ἔπαρχιά
1549 1009 1598 1048 δὲ

105 1087 181 1127 νῦν
211 1087 313 1138 ἐστι,
343 1082 508 1141 φόρους
536 1087 618 1138 μὲν
645 1084 830 1126 τελοῦσα
861 1079 1126 1137 α’ξιολόγους,
1157 1079 1239 1122 ὑπὸ
1273 1079 1514 1138 σωφρόνων
1548 1080 1597 1122 δὲ

104 1158 272 1212 ἀνδρῶν
315 1159 587 1212 διοικουμὲνη
630 1159 715 1199 τῶν
756 1158 1041 1210 πεμπομένων
1071 1155 1151 1197 ἀεί.
1219 1158 1363 1206 (Cuius
1412 1158 1598 1203 virtutis,

109 1226 416 1284 σωφροσύνης,
466 1231 553 1269 laus
582 1230 633 1268 ad
664 1229 834 1270 Gallum
867 1242 1040 1283 quoque
1069 1228 1236 1269 videtur
1267 1230 1511 1284 pertinere.)
1551 1225 1602 1267 Ὁ

104 1301 186 1354 μὲν
218 1292 294 1343 οὖν
325 1297 543 1354 πεμφθεὶς
569 1298 646 1355 τήν
674 1301 750 1342 τοῦ
778 1301 991 1353 βασιλέως
1023 1297 1115 1352 ἔχει
1143 1300 1279 1350 τάξιν.
1318 1298 1388 1341 ὑπ’
1419 1298 1539 1355 αὐτῷ
1557 1299 1598 1339 δ’

110 1372 227 1415 ἐστίν
257 1370 278 1413 ὃ
308 1369 594 1427 δικαιοδότης,
628 1368 650 1413 ὃ
678 1372 761 1414 τῶν
795 1372 965 1413 πολλῶν
994 1372 1178 1426 κρίσεων
1209 1370 1370 1428 κύριος.
1410 1374 1600 1428 (δοριπα-

111 1454 200 1487 tum
232 1445 359 1500 igitur
388 1446 533 1487 iudicis
564 1461 716 1487 munus
746 1453 839 1487 erat
867 1461 889 1486 a
925 1446 1124 1501 praefecti
1168 1446 1346 1501 officio.)
1388 1440 1518 1494 ἄλλος
1558 1446 1602 1485 δ’

110 1518 226 1560 ἐστίν
257 1515 278 1558 ὃ
309 1515 734 1572 προσαγορευόμενος
765 1516 871 1566 ἴδιος
902 1518 1039 1570 λόγος,
1070 1513 1118 1566 ὅς
1144 1519 1227 1559 τῶν
1257 1516 1508 1560 α’δεσπότων
1526 1518 1606 1572 μκου’

112 1591 197 1632 τῶν
228 1590 289 1638 εἰς
317 1589 527 1644 Καίσαρα
558 1591 728 1632 πίπτειν
759 1585 1019 1646 ὄφειλόντων
1049 1590 1273 1644 ἐξεταστής
1307 1591 1409 1632 ἐστι.
1468 1592 1607 1642 παρέ-

113 1676 267 1703 πονται
297 1663 345 1704 δὲ
363 1662 526 1712 τούτοις
554 1658 845 1717 ἀπελεύθεροι
865 1660 1091 1718 Καίσαρος
1112 1664 1187 1704 καί
1205 1662 1439 1717 οἰκονόμοι,
1468 1664 1606 1715 μείζω

115 1731 189 1776 καί
216 1732 380 1775 ἐλάττω
410 1735 741 1788 πεπιστευμένοι
772 1734 1019 1789 πράγματα.
1054 1728 1170 1777 Ἔστι
1203 1735 1249 1775 δὲ
1282 1736 1357 1775 καί
1384 1750 1605 1789 στρατιω-

115 1806 239 1847 τικοῦ
267 1805 368 1859 τρία
400 1806 614 1860 τάγματα,
641 1800 702 1860 ὧν
729 1803 777 1848 τὸ
800 1807 845 1848 ἓν
871 1807 980 1848 κατὰ
1010 1805 1087 1861 τήν
1107 1805 1232 1848 πόλιν
1252 1806 1442 1861 ἵδρυται,
1470 1801 1606 1848 τᾶλλα

118 1878 159 1921 δ’
192 1878 237 1922 ἕν
266 1878 317 1936 τῇ
343 1876 478 1935 χώρᾳ.
544 1876 682 1933 χωρίς
725 1880 772 1920 δὲ
809 1877 971 1920 τούτων
1014 1879 1136 1921 ἐννέα
1177 1881 1258 1932 μὲν
1305 1880 1390 1922 εἰσι
1431 1885 1609 1934 σπεῖραι

113 1949 378 2004 Ῥωμαίων,
427 1955 541 2006 τρεῖς
594 1951 676 2002 μὲν
708 1951 838 2007 ἐν.τῇ
867 1951 986 1992 πόλει
1006 1983 1017 2004 ,
1066 1957 1179 2004 τρεῖς
1213 1951 1252 1993 δ’
1281 1952 1355 1995 ἐπὶ
1382 1952 1466 1994 τῶν
1494 1948 1610 2006 ὅρων

121 2023 199 2076 τῆς
228 2023 472 2073 Αἰθιοπίας
501 2023 547 2065 ἐν
576 2021 733 2081 Συήνῃ,
765 2021 937 2080 φρουροὶ
970 2028 1059 2072 τοῖς
1086 2022 1244 2079 τόποις,
1274 2030 1388 2080 τρεῖς
1417 2027 1466 2067 δὲ
1500 2024 1608 2068 κατὰ

121 2092 196 2149 τὴν
225 2089 356 2151 ἄλλην
386 2096 539 2151 χώραν
569 2099 771 2154 (quarum
808 2113 889 2138 una
919 2097 1136 2154 Babylone
1166 2101 1207 2139 in
1239 2114 1374 2155 parvo
1418 2100 1607 2153 castello,

125 2182 147 2214 a
180 2170 338 2212 colonis
372 2170 610 2227 Babyloniis
642 2172 837 2225 condito,
868 2173 1087 2213 stationem
1119 2173 1311 2217 habebat.
1334 2175 1389 2227 2⁰)
1450 2173 1537 2214 εἰσί
1562 2174 1613 2214 δὲ

127 2239 203 2283 καί
224 2239 460 2297 ἱππαρχίαι
489 2246 604 2299 τρεῖς
636 2240 795 2296 ὁμοίως
826 2243 1158 2297 διατεταγμέναι
1184 2242 1294 2285 κατὰ
1325 2241 1423 2292 τοὺς
1444 2244 1612 2285 ἐπικαι-

127 2316 247 2368 ρίους
276 2314 448 2365 τόπους.
506 2319 616 2358 Tum
644 2318 775 2358 refert
804 2331 850 2357 ex
881 2316 1082 2372 indigenis
1116 2317 1439 2371 magistratibus,
1474 2317 1570 2358 inde
1590 2334 1613 2358 a

130 2389 295 2444 regibus
322 2391 581 2445 constitutis,
611 2399 813 2447 quattuor
842 2390 1039 2431 mansisse
1057 2420 1070 2443 ‚
1110 2400 1389 2447 exegeten
1407 2424 1419 2446 ‚
1465 2394 1536 2449 qui
1568 2409 1615 2434 ea

130 2468 261 2511 curet,
293 2476 401 2517 quae
421 2461 525 2502 urbi
554 2467 781 2505 necessaria
813 2466 918 2515 sint,
948 2461 1416 2522 ὖπομνηματογράφον,
1444 2466 1617 2521 ἀρχιδι·

130 2531 293 2587 καστὴν
329 2543 370 2575 et
399 2531 475 2576 τόν
502 2532 743 2589 νυκτερινὸν
770 2530 1026 2589 στρατηγόν.
1086 2535 1221 2591 Magis
1238 2550 1340 2578 vero
1362 2538 1416 2579 ad
1437 2546 1618 2579 nostram

132 2619 222 2647 rem
251 2607 347 2649 facit
375 2610 479 2650 alius
512 2608 629 2650 locus
656 2610 697 2649 in
728 2608 872 2650 eodem
894 2608 1016 2660 libro,
1054 2623 1089 2658 ι,
1114 2609 1184 2663 53,
1215 2618 1364 2652 narrat
1383 2612 1438 2651 ibi
1456 2611 1617 2663 Strabo,

208 2756 272 2802 20)
301 2755 433 2791 Strabo
463 2758 520 2797 17,
550 2755 581 2799 1,
606 2757 663 2792 30-
