1728 3041
701 86 1034 132 ...20-

120 213 341 265 eroticus,
394 212 550 268 quique
579 213 749 269 Virgilii
793 221 1039 270 praeceptor
1078 215 1184 267 fuit,
1236 229 1313 256 nec
1355 213 1495 257 minus
1523 229 1618 258 cum

123 283 246 325 Gallo
275 298 479 326 summam
532 285 858 327 familiaritatem
899 288 1121 331 contraxit.
1178 288 1305 328 Extat
1347 301 1457 328 nunc
1493 289 1619 329 etiam

122 355 229 398 liber
255 358 343 397 eius
371 354 473 411 περὶ
503 356 721 411 ἐρωτικῶν
748 356 1019 412 παθημάτων
1051 362 1120 411 ¹¹),
1173 359 1368 401 Cornelio
1399 360 1521 400 Gallo
1548 361 1618 400 in..

122 429 329 483 scriptus,
371 436 498 485 atque
526 430 637 485 quod
670 445 717 471 ex
757 430 933 485 epistola
966 432 1301 487 nuncupatoria,
1351 432 1460 473 libro
1494 446 1617 487 prae-

124 502 245 541 missa
266 531 279 552 ,
309 509 514 557 apparet,
547 516 642 542 eum
674 504 716 542 in
747 517 869 543 usum
899 503 1136 555 confectus,
1167 510 1214 543 ut
1245 503 1393 556 Gallus
1422 504 1518 544 inde
1545 518 1618 544 ar..

121 581 317 628 gumenta
345 580 583 629 poematum
615 581 780 629 peteret
803 605 816 627 ,
862 575 903 615 in
935 576 1087 630 quibus
1114 577 1243 630 quum
1273 576 1422 630 elegias
1450 590 1619 633 quoque

124 646 325 701 nominet,
358 645 509 687 falsum
540 647 706 687 videtur
737 660 838 695 esse,
869 649 981 701 quod
996 647 1170 689 Vossius
1200 648 1251 688 ad
1282 646 1381 706 ECL.
1400 650 1456 700 X,
1489 664 1547 693 vs.
1566 650 1619 692 50

122 718 236 766 dicit,
267 718 436 767 Gallum
468 726 566 761 ante
596 734 753 760 annum
785 734 864 774 7¹7
896 727 1061 774 praeter
1089 733 1215 759 unam
1246 718 1446 773 elegiam,
1477 720 1517 759 in
1549 718 1619 760 illa

122 789 266 844 ecloga
292 798 588 842 memoratam,
619 790 855 831 nullasdum
899 790 1058 836 fecisse.
1131 790 1240 830 Nam
1269 805 1400 844 quum
1443 791 1617 846 mythici

122 863 355 919 argumenti
384 862 571 903 carmina
617 863 696 902 iam
729 870 827 902 ante
872 864 954 917 7¹5
988 863 1140 917 scripta
1170 863 1281 913 sint,
1328 862 1483 916 elegiae
1515 876 1618 903 vero

123 951 208 976 una
242 950 336 977 cum
362 935 426 976 his
455 952 478 975 a
511 936 741 976 Parthenio
774 943 1088 987 memorentur,
1137 942 1178 975 et
1209 934 1379 991 quidem
1412 936 1455 975 in
1487 933 1613 985 libro,

120 1023 168 1050 ex
195 1023 280 1063 quo
312 1007 457 1048 Gallus
506 1015 752 1063 argumenta
784 1007 1016 1048 carminum
1060 1007 1343 1063 mythicorum
1391 1015 1433 1048 et
1469 1006 1622 1062 elegia-

120 1095 269 1122 corum
301 1088 469 1128 sumat,
517 1095 601 1120 uno
627 1089 816 1135 tempore
855 1087 1035 1134 utraque
1065 1080 1135 1119 hic
1164 1080 1357 1133 scripsit,
1398 1080 1450 1121 de
1482 1079 1620 1135 elegiis

122 1159 232 1193 certe
261 1152 341 1192 iam
372 1150 586 1206 cogitavit.

234 1223 407 1262 Praeter
437 1223 616 1272 Varum,
649 1222 870 1275 Virgilium
902 1229 943 1261 et
975 1221 1250 1262 Parthenium
1279 1221 1499 1261 Cornelius
1518 1224 1617 1262 Gal-

120 1295 186 1338 lus
220 1296 302 1337 iam
335 1302 502 1336 mature
544 1309 640 1335 cum
671 1292 763 1334 aliis
811 1308 980 1350 quoque
1026 1294 1123 1334 viris
1155 1294 1419 1351 nobilissimis
1449 1303 1489 1336 et
1521 1296 1616 1337 illu-

119 1372 332 1412 strissimis
361 1369 585 1409 amicitiam
617 1369 763 1408 iunxit.
822 1368 929 1407 Cum
973 1367 1254 1407 Pollione
1301 1371 1538 1422 praesertim
1576 1377 1619 1410 et

122 1443 365 1484 Ciceron
384 1456 420 1485 e.
481 1441 591 1497 Pol
612 1441 622 1480 1
646 1440 695 1480 io
725 1439 893 1494 quidem
922 1438 1003 1479 hoc
1043 1440 1129 1494 ipse
1167 1446 1340 1480 testatur
1369 1441 1479 1495 apud
1510 1442 1617 1486 Cic.

121 1515 301 1569 epist.
331 1514 393 1554 ad
424 1514 543 1555 fam.
583 1527 643 1562 10,
680 1514 759 1552 31:
817 1518 1216 1565 „praetextam
1249 1527 1498 1568 quoque
1523 1545 1534 1562 ‚
1571 1514 1614 1553 si

124 1587 288 1629 voles
331 1586 541 1641 legere,
601 1586 823 1626 Gallum
882 1584 1211 1625 Cornelium
1259 1585 1618 1627 familiarem

122 1676 164 1700 m
184 1675 245 1700 eu
260 1675 300 1699 in
330 1674 393 1715 po
409 1661 482 1699 sci
501 1661 601 1701 to.“
632 1658 883 1698 Tradiderat
906 1659 1035 1711 igitur
1056 1657 1192 1697 Pollio
1214 1657 1335 1697 Gallo
1366 1659 1620 1711 tragoediam

121 1733 351 1789 quandam,
382 1733 554 1773 fortasse
582 1739 627 1771 ut
655 1746 745 1771 eam
777 1738 1094 1785 recognosceret
1124 1738 1162 1771 et
1193 1730 1394 1771 iudicium
1419 1744 1540 1771 suum
1568 1730 1622 1772 de

121 1820 169 1847 ea
200 1806 332 1847 ferret
355 1805 420 1857 ¹²).
482 1804 633 1844 Cicero
677 1817 774 1843 vero
803 1809 1023 1857 postquam
1057 1801 1223 1843 Gallum
1264 1816 1311 1843 ea
1339 1802 1391 1842 de
1431 1816 1474 1843 re
1506 1802 1621 1854 adiit,

122 1878 203 1919 viri
232 1878 494 1918 humanitate
520 1877 757 1930 ingeniique
787 1876 1038 1916 amoenitate
1067 1883 1209 1930 captus
1258 1877 1298 1915 in
1342 1876 1500 1916 amicos
1528 1890 1622 1916 suos

123 1965 219 1992 eum
248 1950 422 2005 recepit.
483 1948 638 1989 Scribit
668 1948 779 1989 enim
800 1946 938 1988 Pollio
971 1946 1112 2002 paullo
1144 1953 1238 2003 post
1260 1948 1415 2001 1o‚32=
1447 1946 1622 2001 „quod

179 2164 239 2210 11)
266 2160 395 2195 Editus
422 2165 477 2194 est
514 2158 610 2192 liber
645 2158 760 2204 primo
799 2169 819 2190 a
859 2160 980 2191 Iano
1019 2157 1292 2199 Cornario,
1335 2159 1484 2197 Basil.
1532 2161 1621 2195 1531

272 2224 397 2272 apud
426 2222 644 2259 Frobeni
662 2234 683 2256 u
705 2234 751 2255 m.
805 2221 944 2267 Dignus
970 2233 1057 2256 sane
1085 2227 1140 2256 est
1165 2221 1394 2264 Parthenius,
1421 2224 1485 2270 qui
1512 2236 1621 2258 accu-

275 2291 390 2323 ratius
417 2300 437 2320 a
462 2288 550 2321 viris
577 2286 693 2320 doctis
722 2292 974 2332 pertractetur.
1026 2286 1195 2320 Promisit
1225 2285 1375 2331 quidem
1402 2287 1623 2322 Meineke

275 2351 424 2401 praef.
452 2350 507 2385 ad
535 2350 738 2397 Euphor.
768 2361 802 2395 p.
835 2349 925 2391 Vll,
952 2361 989 2383 se
1015 2348 1216 2395 aliquando
1246 2348 1291 2384 de
1327 2362 1371 2385 eo
1402 2352 1621 2397 scripturum

278 2429 371 2452 esse.
402 2428 489 2450 num
519 2415 662 2449 steterit
691 2414 897 2460 promisso,
926 2414 1062 2448 nescio.

183 2498 243 2544 12)
272 2498 429 2532 Omnino
458 2495 638 2531 Pollionis
665 2494 874 2540 tragoediae
903 2506 979 2528 non
1005 2500 1080 2528 tam
1107 2493 1272 2534 theatris,
1303 2505 1411 2540 quam
1442 2477 1639 2531 νιεείῑειῑίο-1

276 2562 387 2596 nibus
414 2562 619 2596 destinatae
643 2560 754 2594 fuisse
782 2559 962 2593 videntur.
994 2560 1046 2592 De
1067 2569 1168 2592 more
1194 2559 1260 2592 illo
1282 2561 1537 2601 Romanorum,
1553 2572 1627 2607 quo

277 2637 361 2660 cum
390 2626 514 2660 amicis
542 2630 580 2659 et
609 2622 853 2658 familiaribus
879 2623 1013 2669 scripta
1039 2633 1102 2656 sua
1129 2628 1324 2670 antequam
1351 2623 1503 2658 ederent
1529 2635 1628 2659 com-

275 2690 539 2729 municabant,
583 2689 628 2723 cf.
658 2686 878 2723 Thorbecke
916 2686 962 2721 de
990 2687 1104 2722 Asinii
1135 2688 1312 2723 Pollionis
1357 2689 1430 2722 vita
1469 2694 1506 2723 et
1531 2689 1626 2724 stud.

281 2754 396 2789 doctr.
430 2766 467 2799 p.
499 2752 576 2789 104.
