1728 3041
100 247 219 290 batis*
248 245 612 302 grammaticorum
656 243 903 284 testimoniis
929 272 941 293 ‚
991 251 1029 283 et
1071 244 1264 284 Vossium
1302 244 1424 297 ipsius
1453 245 1591 285 Vossii

103 322 229 363 armis
261 322 509 374 impugnans
530 320 578 370 ¹⁶)
607 319 661 371 Q.
695 320 726 358 A
742 319 858 358 ttiu
874 332 913 356 m
950 317 987 357 V
1005 333 1025 356 a
1041 333 1099 357 ru
1118 333 1156 357 m
1186 318 1397 372 quendam
1419 333 1497 372 pro
1519 318 1591 359 Al·

101 395 197 435 seno
224 393 337 432 Varo
365 391 591 432 substituit.
633 389 822 431 Sentiens
853 396 1007 437 tamen,
1047 392 1167 431 nimis
1197 405 1327 445 grave
1353 404 1441 430 csse
1472 391 1590 430 lesti-

100 466 287 507 monium
311 465 442 504 Servii
473 463 527 504 ad
556 462 648 507 Ecl.
681 465 758 516 IX,
798 478 861 513 io,
891 464 961 502 ubi
990 466 1125 503 oratio
1153 463 1417 505 Cornelii
1449 465 1592 503 cuius-

101 538 198 580 dam
224 536 266 576 in
297 536 556 577 Alfenum
583 536 790 577 Varum
821 543 1078 575 memoratur
1096 566 1109 588 ,
1150 536 1223 592 qui
1255 537 1435 592 iniquius
1467 537 1591 576 Man-

99 619 274 663 tuanos,
303 609 469 665 Virgilii
498 608 749 664 municipes,
780 610 1039 659 tractaverit,
1069 609 1180 650 hunc
1214 605 1380 665 quoque
1404 608 1592 664 aliquam

100 691 259 740 partem
290 683 332 723 in
366 697 414 723 ea
445 697 492 724 re
522 682 677 723 habere
707 684 891 737 potuisse
923 682 1127 727 concedit.
1206 684 1293 723 lam
1327 697 1376 722 eo
1408 682 1589 723 inflecti-

98 767 199 810 tur,
239 772 323 813 quo
353 771 428 811 ego
458 770 545 798 rem
579 756 789 797 deducere
824 756 953 807 vol03
1000 770 1149 796 censeo
1179 757 1290 797 enim
1320 756 1425 797 duos
1455 757 1589 796 Van-os

97 843 186 871 esse
214 830 547 886 distinguendos,
579 829 755 870 alterum
781 829 939 869 Varum
970 843 1056 868 esse
1088 843 1199 877 eum,
1228 843 1353 883 quem
1386 828 1587 883 Virgilius

97 910 159 944 tot
187 903 379 944 laudibus
421 904 641 953 extulerit,
674 903 930 956 Epicursum
963 908 1008 942 et
1041 902 1204 956 Virgilii
1241 901 1586 953 commilitonem,

98 978 170 1032 qui
199 990 327 1031 quum
359 976 413 1015 ab
441 977 627 1030 Augusto
662 976 701 1014 in
736 976 913 1015 Galliam
944 975 995 1014 ad
1022 990 1140 1030 agros
1167 974 1408 1015 dividendos
1440 975 1587 1014 missus

95 1049 178 1099 sit,
223 1063 407 1088 caussam
456 1050 780 1089 Mantuanorum
810 1062 890 1086 una
922 1062 1018 1086 cum
1051 1048 1173 1087 Gallo
1204 1054 1354 1087 contra
1386 1047 1587 1087 ferociam

94 1127 387 1161 veteranorum
417 1120 649 1161 defenderit
679 1120 822 1175 (Virg.
852 1119 943 1159 Ecl.
978 1120 1053 1171 lx,
1084 1120 1179 1174 27.)
1213 1134 1225 1172 ;
1250 1118 1444 1159 -alternm
1480 1118 1588 1160 limi·

94 1200 272 1234 tutorem
294 1194 363 1244 ¹0),
390 1196 461 1248 qui
495 1200 600 1234 teste
631 1193 775 1234 Servio
806 1193 857 1232 ad
893 1194 966 1243 IX,
989 1208 1035 1232 ιο
1069 1194 1108 1232 in
1132 1190 1586 1247 Mantuanosiniquius

95 1266 235 1321 egerit.
291 1268 394 1307 Nam
424 1266 493 1306 ille
524 1266 684 1321 Virgilii
716 1265 829 1306 locus
860 1265 958 1319 (ecl.
982 1266 1051 1318 lX,
1074 1265 1165 1322 27),
1193 1265 1266 1321 qui
1296 1265 1459 1306 Varum
1489 1277 1586 1320 pro-

93 1345 292 1379 tectorem
324 1340 652 1379 Mantuanorum
685 1339 806 1379 fuisse
835 1340 1027 1393 coarguit
1047 1369 1058 1387 ‚
1109 1346 1150 1378 et
1185 1338 1270 1378 hoc
1299 1338 1431 1379 Servii
1463 1339 1584 1379 testi-

91 1411 305 1460 monium,
336 1411 545 1463 adversis,
576 1418 622 1451 ut
649 1411 767 1452 aiunt
787 1442 798 1460 ‚
849 1411 1057 1452 frontibus
1087 1411 1165 1452 sibi
1196 1412 1398 1463 obstant,
1450 1412 1507 1452 ita
1538 1420 1584 1453 ut

92 1485 331 1538 neutiquam
362 1485 518 1539 possint
548 1486 660 1525 inter
690 1500 732 1526 se
760 1486 921 1526 sociari.
982 1486 1125 1526 Porro
1153 1488 1245 1540 quis
1277 1485 1346 1525 ille
1377 1486 1527 1537 Varus,
1559 1502 1582 1526 a

97 1557 280 1612 Virgilio
313 1566 562 1599 memoratus
597 1559 736 1609 fuerit,
767 1573 842 1614 ego
874 1559 1095 1613 nesci017),
1128 1558 1242 1598 hune
1260 1572 1364 1599 vero
1392 1558 1582 1600 Alfenum

95 1629 277 1678 Varum,
310 1638 456 1682 contra
484 1646 608 1687 quem
643 1632 855 1673 Cornelius·
887 1632 955 1672 ille
984 1634 1212 1673 orationem
1244 1627 1393 1672 babuit
1415 1662 1427 1683 ‚
1460 1633 1581 1672 nobi-

91 1702 172 1743 lem
203 1702 321 1743 illum
351 1705 678 1746 iureconsultum
706 1706 830 1746 fuisse
849 1736 860 1756 ‚
903 1705 1120 1760 probabile
1150 1712 1232 1757 est,
1272 1706 1343 1760 qui
1376 1706 1581 1747 Cremona

92 1776 294 1816 oriundus
325 1791 402 1830 pro
439 1778 802 1830 Cremonensibus,
834 1778 1109 1833 popularibus
1139 1780 1235 1829 suis,
1270 1793 1452 1833 quorum
1489 1781 1579 1834 agi-i

90 1848 198 1889 inter
226 1856 438 1889 veteranos
467 1850 764 1892 dividebantur
792 1851 925 1906 (Virg.
948 1851 1036 1892 Ecl.
1060 1853 1136 1903 lx,
1155 1851 1245 1905 28),
1275 1859 1420 1892 contra
1457 1852 1580 1891 Man·

89 1928 244 1962 tuanos
263 1924 445 1972 steterit,
479 1937 654 1978 quorum
674 1937 858 1963 caussam
893 1924 1114 1964 Cornelius
1150 1923 1221 1964 ille
1249 1923 1447 1964 defendit.
1493 1924 1580 1964 Ad-

88 1993 201 2035 ditus
229 1995 406 2035 fortasse
441 2003 527 2035 erat
558 1996 811 2041 triumviris,
845 1998 959 2036 cuius
989 2011 1115 2050 opera
1149 2003 1192 2037 et
1220 1997 1391 2036 scientia
1427 1996 1467 2036 in
1499 1997 1576 2037 hae

89 2066 293 2108 divisione
323 2075 556 2118 uterentur,
591 2076 637 2108 ut
665 2075 705 2108 et
735 2068 838 2108 iuris
869 2075 910 2109 et
930 2069 1113 2124 regionis
1141 2068 1246 2109 illius
1268 2068 1406 2123 periti.
1467 2070 1574 2111 Nam

86 2147 228 2193 partes
258 2141 461 2182 secundas
490 2155 585 2182 eum
614 2156 660 2182 ea
694 2142 735 2182 in
769 2157 814 2183 re
846 2144 986 2198 egisse,
1019 2150 1189 2198 apparet
1219 2157 1241 2183 e
1262 2144 1394 2182 Servii
1419 2144 1573 2183 verbis:

89 2214 255 2265 Quod
304 2214 410 2256 alii
461 2215 688 2266 dicunt,
739 2216 1072 2272 ‘Virgilium
1126 2216 1436 2257 ostendere
1486 2232 1575 2257 vo-

88 2285 293 2341 luisse,
323 2288 465 2343 quod
495 2288 817 2329 Mantuanis
848 2303 946 2343 per
977 2289 1343 2342 iniquitatem
1374 2290 1572 2330 Alfeni

144 2472 203 2519 15)
230 2473 408 2519 Inspiciat
433 2473 549 2506 lector
578 2474 743 2508 eruditus
771 2474 1063 2508 dissertationem
1077 2473 1279 2509 Weicherti
1303 2473 1572 2520 doctissimam

225 2538 314 2573 mihi
341 2539 493 2580 sufficit,
520 2539 640 2585 capita
668 2551 786 2572 rerum
813 2539 961 2574 referre.

117 2601 198 2649 ²16)
226 2601 304 2636 Hoc
331 2603 491 2645 verbum,
521 2604 590 2638 etsi
613 2603 749 2650 probae
773 2604 966 2638 latinitatis
989 2614 1064 2637 non
1090 2609 1157 2645 est,
1184 2609 1308 2638 tamen
1332 2603 1570 2651 α’ναλογικῶς

225 2678 338 2714 quum
364 2667 561 2702 formatum
587 2669 646 2710 sit,
673 2674 709 2702 ct
731 2670 936 2709 notionem,
963 2679 1073 2714 quam
1090 2669 1189 2711 volo,
1216 2669 1568 2710 Grfinzbestinimer,

223 2730 323 2766 bene
351 2733 541 2779 exprimat,
567 2734 685 2767 lector
712 2733 912 2767 benevolus
933 2733 1024 2768 mihi
1053 2734 1250 2768 condonet.

142 2793 199 2841 17)
227 2795 370 2832 lnclino
395 2802 518 2832 tamen
545 2797 658 2843 magis
682 2796 729 2832 ad
752 2797 967 2841 Weicherti,
993 2810 1101 2846 quam
1131 2798 1246 2833 Vossii
1272 2797 1505 2832 sententiam.
