1728 3041
699 109 1026 152 —th

119 233 489 281 familiarem
521 248 696 275 meum
728 239 962 274 tuorum
995 247 1114 274 num
1137 250 1237 276 ero
1266 234 1455 287 habes,
1488 236 1603 291 opi-

122 313 256 353 nion
276 325 299 351 e
330 315 390 349 tu
409 323 431 349 a
464 323 503 348 m
526 308 603 348 ihi
637 309 870 362 gratius
903 310 1031 348 est.“
1092 308 1194 348 Nam
1215 307 1254 347 iu
1279 306 1343 348 his
1371 305 1472 348 locis
1502 309 1601 363 quin

116 371 411 437 intelligendus
440 384 491 422 sit
527 381 741 421 cornelius
770 379 1063 433 Gallus-poeta
1087 411 1097 427 ‚
1131 394 1212 420 non
1242 387 1327 431 est,
1369 392 1450 420 cur
1479 380 1603 420 dubi-

118 463 191 496 tes.
249 454 392 505 Quum
424 454 596 493 Caesa
615 467 639 493 r
668 452 877 493 Octavi
898 466 1037 492 anus
1076 467 1185 492 anno
1215 467 1296 508 7¹0
1328 457 1421 508 post
1451 451 1605 491 Caesa·

117 527 176 567 ris
205 533 381 566 mortem
413 524 714 580 Apollonia
746 520 822 565 Ro
842 538 975 565 mam
1004 524 1188 567 rediisset
1212 559 1223 580 ‚
1265 525 1410 566 Gallus
1442 526 1485 564 in
1527 524 1605 579 pri-

117 600 194 640 mis
220 599 386 639 videtur
417 599 539 639 fuisse
559 629 571 650 ,
599 598 671 653 qui
701 598 756 638 ad
785 600 870 639 eius
896 600 1040 652 partes
1065 599 1307 654 transgressi
1336 601 1429 654 sint,v
1460 606 1605 640 vetere

116 670 320 712 beneficio
344 669 443 711 huic
479 671 644 711 factioni
691 670 815 724 plane
844 670 1058 719 addictus;
1117 678 1225 711 certe
1256 672 1338 710 iam
1370 681 1480 712 anno
1521 671 1601 727 713

116 758 268 797 magna
298 757 393 783 eum
423 742 660 796 complexus
680 748 743 783 est
759 743 1018 782 Octavianus
1037 743 1232 795 amicitia,
1254 748 1433 798 eumque
1459 758 1504 783 ex
1539 750 1605 782 tot

116 815 359 856 hominibus
391 815 516 856 claris
544 822 587 856 et
628 813 901 855 familiaribus
934 804 1191 870 potissimum
1223 816 1394 871 dignum
1426 816 1602 864 censuit,

118 889 189 942 qui
220 891 448 942 Aegyptum
476 887 849 928 administrandam
884 887 1091 942 acciperet
1112 917 1125 939 ,
1180 887 1232 928 de
1279 887 1430 943 quibus
1475 886 1603 927 rebus

117 974 212 1000 mox
246 958 491 1003 videbimus.

699 1218 892 1270 caput
933 1218 1006 1258 V.

358 1335 551 1393 Reliqua
581 1334 706 1381 Galli
733 1340 827 1380 vita
840 1370 851 1390 ‚
881 1349 964 1392 per
991 1348 1133 1379 annos
1165 1336 1352 1391 diyesta.

521 1459 569 1501 A.
600 1458 657 1501 U.
688 1459 734 1501 C.
767 1459 873 1514 713,
918 1473 955 1501 a.
987 1457 1119 1501 Chr.
1153 1457 1203 1508 4¹

343 1531 396 1583 Q.
428 1530 705 1571 Servilius
741 1531 918 1573 Vatia
962 1529 1283 1571 Isauricus
1325 1529 1377 1572 11.

556 1604 949 1655 L‚⁷Antonius‚
992 1618 1163 1653 coss.,

692 1690 729 1716 a.
764 1676 921 1716 Galli
955 1675 1023 1718 28.

204 1747 355 1788 Caesar
376 1755 468 1803 post
486 1763 668 1804 pugnam
690 1749 740 1789 ad
759 1749 971 1804 Philippos
992 1749 1256 1788 commissam
1272 1748 1447 1787 Romam
1469 1760 1593 1786 rever

114 1833 182 1860 sus
210 1820 416 1860 veteranis
446 1835 565 1875 agros
583 1821 749 1874 dividit,
778 1836 860 1877 qua
895 1823 937 1862 in
971 1820 1270 1862 distributione
1287 1819 1488 1875 Virgilius
1506 1833 1608 1874 quo-

113 1906 195 1945 que
223 1892 436 1946 praedium
468 1907 588 1932 suum
620 1894 787 1933 amittit.
847 1894 886 1933 Is
916 1900 1075 1945 autem,
1107 1893 1281 1933 Romam
1314 1906 1525 1946 aggressus
1552 1891 1605 1931 li-

115 1962 334 2005 beralitate
362 1964 537 2020 Augusti
583 1979 710 2020 agros
740 1980 834 2006 suos
874 1967 1061 2020 recepit,
1107 1964 1423 2006 commendatus
1452 1965 1519 2013 ei,
1556 1971 1602 2005 ut

116 2036 184 2075 alii
225 2036 426 2087 tradunt,
482 2038 535 2077 ab
579 2039 785 2078 Asinio
834 2039 1133 2089 Pollione,
1188 2038 1258 2077 alii
1308 2037 1362 2076 ab
1408 2036 1603 2077 Alfeno

114 2107 294 2160 Varo,
323 2109 448 2150 aliia
483 2111 556 2150 Ga
577 2109 680 2161 llo,
709 2109 778 2151 alii
810 2125 834 2151 a
867 2113 1209 2153 Maecenate,
1240 2110 1320 2161 (Cf.
1353 2112 1508 2153 Donat.
1530 2110 1604 2153 vit.

115 2181 232 2235 Virg.
264 2184 329 2232 30,
361 2183 441 2234 56,
472 2182 633 2223 Phocas
656 2198 695 2224 v.
724 2184 844 2239 Virg.
882 2198 939 2227 vs.
973 2184 1058 2233 65).
1121 2184 1232 2223 Haec
1262 2182 1497 2223 testimonia
1536 2181 1604 2220 di-

115 2266 237 2294 versa
267 2255 385 2295 facile
414 2257 541 2309 possis
572 2257 681 2296 inter
710 2271 752 2296 se
781 2255 1021 2307 conciliare,
1050 2256 1085 2295 si
1115 2262 1289 2303 statuas,
1320 2268 1596 2308 unumquem-

116 2338 196 2378 que
225 2324 441 2365 hominum
489 2327 755 2367 laudatorum
796 2341 872 2382 pro
907 2326 1019 2368 virili
1063 2333 1182 2382 parte
1220 2340 1391 2382 operam
1420 2325 1601 2380 Virgilio

114 2394 192 2436 hac
223 2399 264 2438 in
298 2413 342 2439 re
375 2413 558 2442 navasse.
619 2401 715 2440 Non
760 2401 869 2440 enim
899 2400 1047 2451 video,
1091 2414 1166 2440 cur
1215 2413 1341 2439 omne
1383 2401 1600 2450 meritum,

114 2470 225 2523 quod
252 2471 514 2512 Fontauinus
547 2470 711 2523 voluit,
744 2472 784 2512 in
816 2471 983 2512 Gallum
1014 2472 1289 2515 conferamus.
1349 2472 1476 2512 Anno
1504 2472 1605 2512 inse-

113 2550 290 2596 quente,
321 2560 449 2599 quum
481 2544 615 2586 Pollio
643 2560 666 2584 a
696 2544 911 2599 provincia
942 2545 1247 2599 Transpadana
1282 2546 1454 2596 abesset,
1490 2551 1605 2585 vete-

114 2615 230 2667 rani,
260 2631 340 2657 non
373 2617 553 2658 contenti
596 2616 701 2672 agris
733 2616 1078 2658 Cremonensium
1101 2646 1113 2669 ,
1156 2618 1198 2658 in
1228 2619 1477 2658 Mantuanos
1504 2629 1601 2670 quo·

115 2699 194 2738 que
223 2689 499 2745 irruptionem
527 2690 741 2738 feceruut;
774 2691 972 2745 Virgilius
1001 2699 1139 2731 autem
1157 2722 1169 2742 ,
1206 2692 1278 2745 qui
1310 2692 1460 2730 iterum
1489 2688 1601 2729 bona

115 2760 355 2817 amittebat,
405 2779 428 2804 a
458 2762 654 2805 Cornelio
687 2762 808 2804 Gallo
838 2771 878 2805 et
908 2764 1021 2805 Varo
1067 2779 1148 2805 non
1182 2764 1304 2804 modo
1331 2763 1417 2818 ipse
1438 2768 1502 2803 est
1531 2777 1599 2803 re-
