1728 3041
777 82 1074 128 „³2-

178 211 257 253 mis
289 209 521 251 carminum
551 209 772 265 generibus
817 211 1097 260 Graecorum·
1121 208 1325 267 exempla:
1349 210 1533 255 imitatos
1572 229 1659 261 ense

177 299 301 325 nemo
336 291 563 340 negaturus
596 283 662 335 sit,
691 282 778 323 duo
805 290 942 323 tamen
975 291 1070 324 sunt
1091 285 1260 339 poiiseos
1279 298 1449 339 genera,
1477 300 1658 340 quorum

176 357 354 397 alterum
386 357 435 396 iis
461 356 635 396 omnino
665 356 881 412 proprium
901 363 976 407 est,
1008 356 1185 396 alterum
1211 371 1233 396 a
1261 356 1432 398 Graecis
1447 366 1660 413 acceptum

174 430 374 484 quidem,
407 429 479 470 sed
511 429 569 470 ita
600 428 761 469 cultum
788 437 829 470 et
855 429 1149 481 elaboratum,
1179 436 1228 469 ut
1259 430 1438 471 Graecos
1467 439 1660 481 auctores

174 516 259 542 non
289 502 428 542 dicam
458 502 765 557 superaverint,
800 501 1123 557 adaequaverint
1156 501 1317 548 saltem.
1363 503 1544 545 Satiram
1560 504 1658 545 dieo

180 582 224 616 et
253 575 442 630 elegiam,
475 575 527 615 de
558 589 641 629 qua
673 590 719 616 re
751 575 1044 627 Quinctilium,
1074 573 1272 629 elegantis
1292 581 1335 616 et
1355 576 1518 632 subtilis
1543 578 1654 618 illius

173 647 371 700 rhetoris,
403 655 511 689 extat
541 648 750 698 iudicium
772 649 943 691 omnino
970 648 1230 690 verissimum
1256 648 1419 698 (Instit.
1449 650 1569 692 Orat.
1599 653 1656 704 X,

173 735 212 774 1,
244 722 353 775 93.).

285 794 427 848 Atque
460 794 690 847 reputanti,
720 799 884 847 praeter
911 791 1126 848 ingenium
1158 801 1196 833 et
1226 792 1406 836 indolem
1431 795 1583 837 nutriri
1603 804 1657 837 ‘et

167 867 409 921 promoveri
458 866 620 920 poesim
650 873 690 906 et
721 873 958 920 temporum
995 865 1241 906 condicione
1269 873 1312 907 et
1341 867 1558 909 hominum
1592 869 1654 910 sa-

166 952 299 989 vore,
334 953 418 979 non
450 939 603 978 mirum
643 938 888 989 videbitur,
926 938 1042 992 quod
1077 938 1181 978 haec
1211 940 1466 993 potissimum
1499 943 1651 982 carmi-

167 1025 269 1051 num
298 1025 450 1066 genera
483 1025 505 1050 a
538 1010 738 1051 Romanis
775 1010 859 1050 sint
889 1009 954 1050 vel
985 1010 1153 1050 inventa
1182 1010 1248 1051 vel
1280 1012 1477 1066 perculta.
1547 1012 1654 1054 Nam

169 1083 330 1123 ιιι-1100
360 1084 544 1137 primum
571 1097 783 1132 moneam,
809 1089 870 1122 est
901 1083 1012 1122 inter
1041 1090 1270 1138 utrumque
1295 1098 1424 1137 genus
1440 1085 1654 1126 vinculum

170 1157 466 1204 acutissimum,
504 1169 640 1210 neque
675 1154 849 1195 interest
879 1155 955 1194 nisi
988 1154 1084 1206 hoc,
1116 1156 1228 1210 quod
1255 1156 1527 1197 variovmodo
1545 1171 1654 1199 eun·

165 1229 262 1270 dem
291 1243 461 1270 sensum
493 1228 755 1282 eandemque
779 1227 909 1267 animi
938 1227 1201 1268 affectionem
1234 1225 1432 1280 efferunt,
1461 1229 1651 1272 dolorem

162 1303 282 1352 dico,
339 1316 463 1357 quem
496 1300 627 1341 altera
657 1314 734 1355 per
763 1300 880 1340 virus
912 1301 1144 1342 acerbitatis
1176 1314 1274 1342 suae
1301 1304 1497 1349 evomit,
1518 1302 1653 1345 altera

164 1376 215 1415 ad
254 1373 595 1414 misericordiam
630 1372 882 1413 movendam
917 1372 1117 1413 flebiliter
1147 1375 1359 1428 exprimit.
1433 1375 1521 1416 lam
1550 1389 1650 1417 vero

168 1449 202 1488 si
232 1449 523 1487 Romanorum
553 1446 871 1496 condicionem,
910 1446 1044 1501 qualis
1074 1461 1124 1486 eo
1157 1448 1279 1487 fuerit
1307 1454 1499 1502 tempore
1518 1478 1531 1500 ‚
1563 1463 1650 1504 quo

167 1520 274 1562 haec
302 1534 454 1575 genera
493 1520 752 1574 potissimum
792 1517 1060 1566 floruerunt,
1101 1520 1449 1572 consideramus,
1486 1527 1577 1562 erat
1606 1535 1654 1562 ea

167 1607 269 1635 sane
298 1592 515 1642 eiusmodi,
549 1599 595 1631 ut
624 1591 787 1631 animus
817 1604 947 1644 purus
976 1598 1017 1631 et
1047 1592 1244 1642 sincerus,
1267 1603 1301 1632 ⁴a
1318 1594 1488 1633 maculis
1504 1600 1547 1633 et
1559 1607 1655 1634 sca·

169 1666 238 1706 bie
263 1663 417 1706 saeculi
452 1651 653 1716 intactus,
686 1677 781 1703 cum
815 1663 996 1704 horrore
1027 1663 1208 1718 quodam
1240 1679 1262 1705 a
1293 1667 1378 1705 vita
1393 1664 1570 1722 publica
1610 1666 1653 1705 in

172 1752 261 1779 sese
293 1736 536 1791 refugiens,
575 1743 705 1790 prout
737 1743 889 1775 natura
919 1742 1011 1776 erat
1040 1736 1105 1776 vel
1136 1736 1305 1778 mollior
1337 1736 1403 1777 vel
1434 1739 1653 1787 austerior,

173 1810 241 1851 vel
265 1810 432 1865 lugeret
454 1808 740 1849 calamitosam
771 1806 884 1848 illam
916 1807 1372 1859 vitae'condicionem‚
1412 1807 1478 1849 vel
1508 1810 1656 1850 acerbe

172 1890 214 1923 et
246 1882 518 1922 vehementer
541 1881 829 1920 insectaretur.
889 1879 1031 1934 Atque
1058 1886 1107 1920 ut
1137 1879 1238 1920 illud
1259 1880 1313 1921 ad
1328 1880 1501 1935 elegiam
1519 1887 1655 1922 traus-

168 1956 352 1996 feramus
394 1952 616 2008 lugubrem
662 1959 705 1993 et
743 1965 851 2007 quae
896 1952 1067 2008 proprie
1108 1960 1305 2003 vocatur,
1339 1953 1517 1995 maxima
1555 1968 1652 2008 pars

173 2027 513 2083 Tibullianorum
545 2032 590 2066 et
632 2025 943 2065 Ovidianorum
973 2026 1210 2065 carminum
1250 2023 1324 2065 tali
1351 2024 1494 2066 colore
1521 2025 1655 2067 tincta

170 2108 248 2152 est,
281 2107 323 2141 et
350 2100 471 2157 apud«
490 2086 707 2139 Tibullum
738 2097 869 2139 dulcis
902 2097 970 2139 illa
999 2099 1208 2140 amarities
1235 2098 1359 2139 etiam
1388 2113 1465 2154 per
1490 2098 1533 2142 id
1561 2113 1656 2140 car·

173 2174 300 2214 minis
331 2170 503 2227 elegiaci
531 2184 659 2226 genus
691 2170 825 2225 repit,
861 2170 974 2226 quod
1005 2170 1179 2213 sormam
1208 2178 1369 2213 tantum
1398 2171 1555 2227 elegiae
1578 2183 1654 2213 ‘re-

171 2248 301 2298 tinet,
348 2253 536 2286 ceterum
578 2257 767 2286 amorem
816 2245 1007 2299 vitaeque
1059 2246 1330 2287 amoenitates
1380 2246 1654 2299 persequitur.

172 2314 394 2354 Eroticum
427 2312 508 2352 hoc
539 2318 616 2362 est,
647 2325 698 2351 ac.
724 2325 833 2365 prae
863 2310 935 2351 illo
966 2310 1132 2365 lugubri
1162 2324 1313 2366 genere
1342 2310 1654 2352 itaanomanis

175 2387 412 2436 excultum,
450 2392 498 2424 ut
538 2397 674 2438 paene
723 2397 877 2423 nomen
907 2383 963 2423 ab
990 2383 1039 2423 iis
1067 2384 1296 2437 acceperit,
1338 2397 1472 2437 neque
1501 2383 1656 2424 iniuria

175 2457 480 2498 Paldamus
508 2457 553 2496 in
582 2455 688 2495 libro
720 2453 807 2506 illo,
835 2457 907 2510 qui
927 2456 1168 2499 inscribitur
1198 2455 1489 2496 Romische
1519 2456 1655 2496 Ero-

170 2530 289 2580 ti-k,
339 2530 421 2569 hoc
456 2528 577 2567 titulo
607 2534 743 2570 totum
774 2528 929 2582 elegiae
962 2530 1172 2569 Romanae
1197 2541 1326 2581 genus
1356 2542 1438 2567 una
1469 2526 1654 2581 complc-

173 2618 248 2643 xus
277 2595 355 2644 sit(
413 2601 601 2655 Elegiam
632 2599 830 2640 eroticam
867 2614 970 2641 vero
999 2615 1081 2641 uon
1116 2601 1278 2651 miuus,
1320 2614 1444 2654 quam
1474 2599 1653 2640 atteram

174 2677 313 2725 illam,
361 2690 383 2714 a
416 2681 651 2728 temporum
687 2676 727 2713 et
764 2673 921 2714 saeculi
955 2677 1114 2715 ratione
1145 2681 1416 2729 augmentum
1442 2679 1487 2714 et
1514 2673 1655 2712 nutri-

173 2756 361 2790 mentum
393 2748 580 2803 cepisse,
609 2746 703 2800 quis
730 2759 813 2786 non
846 2746 997 2788 videt?
1056 2747 1132 2788 1110
1162 2749 1271 2788 enim
1305 2753 1522 2802 tempore,
1567 2756 1652 2800 quo
