1728 3041
685 115 752 140 .>..--
820 102 881 150 41
952 127 1015 137 ..-

103 239 142 276 in
172 234 269 275 odio
303 238 422 285 sunt,
453 246 571 288 quos·
591 231 634 272 hi
666 245 753 272 non
779 231 1023 286 imaginum·
1038 231 1282 286 splendor-,e
1314 230 1384 270 scd
1422 231 1588 284 propria

102 309 259 353 virtute
290 313 330 345 et
360 307 497 345 insita
513 305 621 346 bona
649 301 795 366 indole
823 305 921 345 sibi
931 303 1182 366 antepositos
1215 303 1374 346 vident.
1450 305 1497 344 At
1531 303 1583 344 ab

100 378 228 420 altera
259 385 381 433 parte
411 377 580 419 Gallum
608 392 775 434 quoque
817 378 942 419 nimia
989 378 1153 419 fortuna
1199 378 1352 418 mittum
1388 376 1464 415 sibi
1500 391 1585 416 non

100 455 196 494 satis
225 453 486 492 moderatum
516 466 628 504 esse,
657 466 793 507 neque
823 453 934 493 intra
965 453 1064 492 recti
1096 452 1194 492 fines
1219 464 1263 491 se
1292 449 1486 501 tenuisse,
1514 449 1586 489 sed

99 541 143 566 se
172 526 356 574 iactasse,
389 524 729 567 in'nobilissimos
745 540 937 582 quosque
953 513 1180 578 superbum
1209 537 1253 564 se
1268 523 1451 578 gessisse,
1481 523 1583 576 quin

100 613 150 649 ne
183 600 369 652 Augusto
396 598 566 652 quidem
600 598 834 651 pepercisse,
865 595 1137 651 probabiliter
1154 595 1277 636 statui
1295 602 1442 650 potest.
1492 597 1584 636 Mc-

101 686 237 714 mores
268 679 434 712 tantum
462 672 591 712 simus
623 669 849 713 debilitatis
881 670 1085 709 humanae
1117 673 1315 718 naturae,
1346 683 1471 722 quam
1509 682 1584 706 va-

97 743 373 784 tes-'Andinus
391 774 404 798 ,
443 742 552 784 Galli
581 741 890 788 amantissimus
908 772 921 795 ,
952 741 1173 783 notissimis
1204 740 1283 782 illis
1317 741 1451 783 verbis
1479 756 1583 782 con..

97 810 342 872 signavit-2¹¹)
361 830 375 857 ε,

266 888 408 929 Nescia
437 901 552 929 mens
582 885 797 928 hominum
815 887 899 928 sati
929 888 1136 943 sortisque
1166 888 1353 942 suturae,

264 962 319 1002 Et
346 976 511 1002 servare
540 954 739 1011 inodum,
764 960 890 1001 rebus
919 960 1082 1000 sublata
1109 961 1311 1003 secundis.

140 1065 142 1067 -
207 1033 398 1075 Valerius
438 1035 626 1089 Largus,
676 1033 803 1074 homo
840 1033 1041 1087 malignus
1086 1042 1127 1074 et
1160 1033 1342 1087 perfidus
1365 1063 1377 1081 ,
1429 1048 1475 1073 ex
1521 1034 1583 1074 his

93 1107 289 1148 omnibus
317 1093 651 1147 criminationem
679 1104 896 1164 conflavit,
926 1106 1133 1146 immissus
1164 1106 1251 1146 sine
1283 1105 1412 1146 dubio
1443 1115 1483 1147 et
1513 1123 1584 1146 cx-

94 1182 243 1221 citatus
273 1180 312 1219 in
347 1179 513 1220 Gallum
543 1175 566 1219 ὲ
597 1178 841 1231 nobilitate,
884 1186 1011 1234 atquc
1044 1187 1087 1219 ut
1120 1179 1163 1219 fit
1192 1193 1301 1234 quae
1331 1179 1581 1220 levissimam

93 1261 256 1293 tantum
288 1252 559 1293 accusationis
588 1260 630 1293 et
661 1253 964 1293 criminationis
993 1251 1373 1306 ansam-praebent
1392 1281 1405 1303 ,
1452 1253 1499 1292 iis
1532 1253 1581 1292 li-

93 1326 242 1381 bentep
272 1330 482 1376 utuntur3
515 1325 573 1365 nil
592 1329 798 1373 *verentur
827 1324 977 1366 afferre
995 1356 1008 1375 ,
1037 1324 1214 1379 speciem
1243 1324 1370 1366 modo
1398 1323 1582 1379 aliquam

92 1392 257 1438 habeat.
332 1397 539 1451 Augustus
574 1404 672 1438 ‘tum
702 1397 812 1438 forte
841 1395 953 1436 bello
987 1397 1240 1438 Cantabrico
1277 1403 1508 1453 occupatus
1541 1407 1582 1439 et

95 1471 246 1512 absens
271 1470 325 1512 ab
354 1469 472 1512 Urbe
488 1471 540 1522 2⁵)
590 1484 681 1511 rem
711 1470 918 1526 integram
949 1471 1111 1511 senatui
1142 1470 1409 1525 spectandam
1440 1479 1480 1511 ct
1505 1485 1581 1511 co-

94 1543 380 1599 gnoscendam.
402 1540 602 1594 tradidit,
626 1544 705 1583 cui.
722 1557 818 1584 sane
844 1542 902 1583 nil
930 1544 1087 1598 gratius
1112 1546 1401 1598 acceptiusque
1420 1544 1583 1584 contin-

96 1630 193 1670 gere
219 1623 382 1670 poterat
400 1641 422 1668 ‚-
457 1630 582 1671 quam
606 1615 665 1660 ⁴de
698 1615 865 1656 homine
894 1623 979 1655 tam
1010 1617 1143 1656 inviso
1173 1615 1369 1659 iudicare.
1439 1619 1582 1672 Augu-

93 1693 180 1729 stus
210 1694 349 1729 autem
369 1717 381 1739 ,
427 1689 615 1743 quamvis
644 1688 728 1743 ipse
756 1686 884 1728 nollet
917 1687 1125 1728 hominem
1159 1688 1372 1743 quondam
1401 1692 1582 1730 amicum

93 1766 136 1801 et
165 1761 359 1801 meritum
395 1760 449 1801 de
477 1775 520 1801 se
558 1760 784 1812 damnare,
825 1768 965 1801 tamen
988 1792 999 1811 ,
1052 1776 1185 1815 quum
1218 1760 1385 1801 Gallum
1417 1776 1583 1802 servare

93 1832 324 1887 potuisset,
356 1832 397 1873 id
428 1847 597 1889 quoque
627 1834 808 1875 noluisse
837 1833 1037 1886 videtur3
1090 1842 1217 1890 atque
1244 1836 1407 1877 etiamsi
1438 1845 1579 1890 postea

94 1905 260 1961 publice
281 1906 473 1949 ¹lacrimis
505 1915 545 1948 et
574 1906 844 1962 querimoniis
873 1906 1035 1948 luctum
1067 1922 1186 1948 suum
1213 1915 1255 1949 et
1283 1910 1581 1963 poenitentium

92 1979 308 2021 confessus
331 1981 400 2030 sit,
430 1988 591 2022 secreto
616 1980 797 2022 fortasse,
818 1982 982 2035 gavisus
1014 1988 1088 2032 est,
1117 1981 1230 2036 quod
1249 1982 1330 2021 tale
1346 1982 1579 2037 exemplum

92 2052 133 2092 in
164 2052 379 2095 hominem
405 2054 653 2097 liberalioris
688 2055 815 2096 animi
850 2054 1009 2097 editum
1041 2058 1107 2109 sit,
1138 2063 1353 2108 metuens,
1385 2071 1436 2096 ne
1465 2058 1579 2098 tabes

93 2124 163 2165 illa
197 2125 431 2179 libertatis,
471 2143 597 2183 quam
629 2128 844 2170 celerrime
876 2128 1183 2184 opprimenda,
1227 2127 1349 2169 latius
1379 2139 1579 2185 serperet,

91 2199 332 2254 praesertim
364 2215 495 2256 quum
537 2200 609 2243 illo
640 2208 827 2257 tempore
860 2203 928 2243 alii
966 2217 1134 2257 quoque
1163 2202 1336 2241 liberius
1362 2203 1509 2242 dixisse
1538 2211 1580 2244 et

92 2274 222 2326 egisse
252 2271 485 2325 videantur,
514 2287 644 2328 quam
674 2274 919 2327 imperatori
948 2280 1109 2328 gratum
1130 2288 1217 2315 esse
1234 2280 1410 2328 poterat.
1451 2277 1578 2329 Quod

89 2358 194 2386 vero
226 2343 369 2386 laudes
399 2345 533 2401 Galli,
562 2362 585 2386 a
614 2345 792 2400 Virgilio
821 2353 971 2401 quarto
1000 2346 1237 2402 Georgicon
1273 2350 1464 2401 insertas,
1499 2365 1577 2405 po-

89 2413 176 2460 stea
202 2418 384 2470 deletas,
427 2421 603 2471 attinet,
645 2421 807 2476 egregie
842 2420 922 2461 hoc
950 2435 1115 2475 quoque
1144 2422 1196 2462 ad
1231 2429 1412 2464 nostram
1443 2423 1495 2465 de
1528 2424 1577 2466 iis

145 2592 206 2639 24)
236 2593 387 2628 Aeneid.
417 2594 441 2627 l.
471 2595 514 2636 X,
541 2595 744 2632 501-502.
945 2616 963 2623 ν

143 2658 205 2703 25)
231 2656 310 2690 Hoc
334 2658 520 2691 neminem
544 2658 653 2692 video
683 2668 832 2699 eorum,
860 2659 924 2705 qui
954 2659 999 2693 de
1025 2658 1094 2694 hac
1120 2672 1158 2695 re
1187 2662 1424 2708 scripserunt,
1445 2671 1571 2706 respe-

231 2720 339 2761 xisse,
366 2726 403 2754 et
426 2726 550 2756 tamen
567 2722 606 2757 in
630 2722 698 2757 hac
725 2732 851 2757 caussa
872 2720 1111 2759 diiudicanda
1135 2725 1295 2766 maximi,
1324 2724 1466 2770 opinor,
1493 2734 1573 2758 mo-

229 2785 345 2820 menti
372 2789 437 2819 est.
