1728 3041
698 99 761 109 ...
833 54 1035 127 ῄοχ...

226 205 305 246 Nos
333 211 472 245 autem
504 210 694 258 putamus
725 202 892 247 melius
912 217 989 244 nos
1020 209 1213 255 acturos,
1259 205 1291 243 si
1326 204 1517 258 primum
1561 206 1603 246 in

109 277 271 332 singula
300 277 474 318 erimina
506 278 784 331 inquiramus,
816 283 857 318 ct
884 275 986 331 quid
1020 286 1164 317 verum
1195 277 1272 326 sit,
1302 276 1404 331 quid
1437 277 1602 326 falsum,

107 352 420 394 constituamus.

225 422 270 463 ld
301 422 484 477 primum
517 427 677 462 eertum
694 427 768 475 est,
800 430 988 476 peccasse
1006 418 1167 477 aliquid
1187 422 1371 470 Gallum,
1399 436 1485 477 quo
1505 436 1605 477 per-

113 494 251 550 tinere
282 495 485 537 videntur
508 496 637 537 verba
665 495 841 537 Dionis·
1471 507 1474 509 ·

227 565 453 622 ἐξύβρισεν
490 563 576 609 ὑπὸ
615 568 692 622 τῆς
732 566 859 623 τιμῆς
885 576 926 610 et
954 564 1090 622 πολλοὶ
1119 568 1202 620 μὲν,
1237 563 1323 622 γὰρ
1352 565 1517 621 μάταια
1546 567 1606 617 εἰς

111 637 187 682 τὸν
219 635 481 694 Αὔγουστον
506 639 754 696 *ἅπελὴροη
797 640 1124 697 quibus‘verbis
1179 639 1434 697 respondent
1481 641 1605 683 verba

111 715 280 758 Ovidii:

290 786 388 829 Fuit
406 786 633 843 opprobrio
691 818 703 831 .
762 816 774 829 .
834 821 845 832 .
902 804 919 829 ’.
975 817 987 829 .
1046 786 1170 838 Gallo

231 861 435 915 Linguam
461 860 508 900 in
542 860 674 900 nimio
701 873 783 900 non
815 860 995 901 tenuisse
1024 873 1155 904 mero.

111 933 314 975 Convicia
344 933 476 990 igitur
504 933 736 975 iactaverat
766 934 808 974 in
839 934 1085 988 Augustum,
1112 932 1445 975 deblateraverat
1463 932 1605 983 multa,

113 1021 221 1062 quae
250 1006 398 1048 melius
422 1008 630 1058 tacuisset,
662 1007 702 1047 in
734 1005 896 1061 epulis,
926 1007 1037 1047 inter
1068 1005 1219 1061 pocula
1239 1035 1270 1059 ‚.

270 1065 465 1121 ‘Condita
494 1094 626 1135 quum
662 1094 785 1121 verax
819 1080 950 1134 aperit
978 1079 1227 1134 praecordia
1257 1079 1396 1121 Liber.

228 1152 431 1193 Suetonio
461 1166 633 1208 quoque
663 1151 763 1193 fides
791 1151 982 1194 habenda
1023 1158 1121 1203 est,
1167 1136 1301 1207 quum
1343 1151 1509 1192 Gallum
1539 1152 1604 1191 in-

111 1225 220 1281 grati
250 1232 290 1265 et
316 1225 507 1268 malevoli
537 1228 580 1267 in
611 1227 841 1283 Augustum
872 1227 999 1268 animi
1043 1233 1221 1270 accusat.
1291 1225 1414 1277 Quod
1453 1232 1608 1266 statuas

110 1306 153 1340 et
185 1299 386 1355 imagines
414 1301 457 1341 in
488 1301 677 1357 Aegypto
707 1300 921 1355 dispositas
948 1307 989 1342 et
1025 1314 1092 1341 res
1126 1314 1149 1342 a
1191 1314 1236 1341 se
1262 1306 1393 1353 goetas
1421 1288 1607 1356 pyrami-

109 1371 234 1413 dibus
262 1372 480 1428 inscriptas
510 1373 684 1425 attinet,
715 1387 846 1429 quum
878 1372 1095 1422 hoe-Dio,
1124 1372 1289 1428 probae
1320 1371 1411 1413 fidei
1443 1378 1603 1422 auctor,v

109 1444 263 1498 tradat,
295 1460 359 1487 res
389 1447 444 1487 ita
474 1460 563 1488 sese
592 1445 760 1488 videtur
793 1446 996 1488 habuisse.
1055 1447 1162 1500 Quis
1188 1446 1299 1487 enim
1334 1458 1484 1499 magna
1514 1445 1603 1484 for-

109 1526 212 1561 tuna
242 1517 378 1561 elatus
408 1520 488 1561 sibi
508 1524 685 1576 'semper‘
714 1520 770 1561 ita
797 1525 1035 1576 temperare
1068 1526 1218 1575 potest,
1250 1525 1295 1559 ut
1322 1518 1475 1573 ubique
1498 1518 1607 1559 intra

111 1590 215 1632 flues
245 1593 348 1633 recti
379 1592 488 1633 stet?
545 1593 685 1633 Potest
719 1593 893 1633 fortasse
921 1590 1001 1632 hoc
1028 1592 1085 1632 ita
1114 1591 1316 1648 intelligi,
1358 1598 1403 1632 ut
1433 1585 1605 1646 prosin-

109 1664 250 1715 etates,
280 1663 476 1720 Aegyptii
512 1663 602 1718 ipsi,
634 1664 691 1705 ob
718 1663 986 1722 praeclaram·
1008 1663 1248 1719 provinciae
1274 1663 1605 1705 administratio.

113 1750 209 1778 nem
243 1736 395 1791 gratias
426 1738 464 1778 ei
500 1736 726 1778 referentes
754 1736 838 1777 tale
868 1736 971 1792 quid
1000 1736 1202 1787 fecerint,
1241 1736 1353 1792 quod
1397 1736 1454 1776 vab
1479 1750 1606 1779 accu-

110 1809 321 1850 satoribus
355 1815 500 1864 postea
523 1808 646 1850 Gallo
678 1810 719 1849 in
746 1810 905 1851 crimen
929 1809 1073 1850 datum
1101 1809 1168 1852 sit.
1228 1811 1293 1850 De
1322 1808 1608 1850 coniuratione

111 1881 155 1923 in
175 1875 409 1937 Augustum
424 1882 630 1938 conflata,
652 1883 703 1924 de
725 1882 1008 1925 familiaritate
1036 1896 1130 1924 cum
1154 1882 1336 1924 Caecilio
1365 1882 1539 1937 Epirota
1562 1869 1607 1923 *ei

114 1955 301 2007 obiecta,
335 1956 387 1996 de
421 1957 642 1998 eversione
673 1956 788 1997 urbis
819 1956 1063 1998 Thebarum
1098 1959 1177 1996 iam
1208 1955 1401 1998 vidimus.
1447 1955 1607 2006 Quodsi

111 2028 195 2069 huc
225 2028 469 2070 assumimus
501 2029 691 2069 lacrimas
720 2035 764 2070 et
796 2028 1082 2084 querimonias
1121 2028 1323 2083 Augusti,
1369 2027 1422 2068 de
1456 2022 1609 2082 quilius

108 2099 333 2142 Suetonius
352 2101 495 2153 tradit,
518 2102 670 2143 malam
692 2103 886 2144 delatoris
905 2111 945 2144 et
966 2101 1282 2144 calumniatoris
1310 2102 1477 2154 samam,
1509 2117 1608 2156 quo,

116 2173 252 2214 Dione
266 2181 481 2226 narrante,
516 2174 712 2215 Valerius
734 2175 892 2226 Largus
910 2175 1017 2231 apud
1038 2175 1221 2218 homines
1243 2173 1458 2230 flagrabat,
1486 2191 1608 2231 prae..

113 2254 226 2286 terea
246 2246 578 2300 indignationem
599 2248 845 2300 nobilitatis,
873 2264 998 2303 quam
1020 2250 1224 2289 Ammian.
1256 2251 1387 2291 Marc.
1420 2249 1447 2306 l
1467 2248 1492 2288 l.
1518 2264 1607 2289 me.-

115 2325 263 2372 morat‚
302 2318 382 2359 hoc
413 2319 502 2360 fere
534 2319 584 2361 de
607 2327 693 2361 tota
725 2336 769 2362 re
798 2322 924 2362 statui
952 2320 1124 2376 poterit.
1184 2320 1349 2376 Gallus,
1380 2320 1510 2362 homo
1531 2335 1608 2362 no-

114 2406 204 2442 vus,
234 2391 306 2432 sed
338 2393 579 2447 prudentia⁷
606 2392 811 2444 doctrina,
841 2393 1042 2447 elegantia
1073 2387 1241 2447 ingenii,
1273 2394 1401 2434 rebus
1430 2392 1611 2447 (lenique

114 2465 334 2519 praeclare
348 2465 665 2521 gestisinsiguis‚
695 2465 748 2505 ab
763 2467 948 2522 Augusto
968 2481 1013 2507 ex
1047 2466 1185 2506 intima
1216 2466 1377 2506 fortuna
1409 2465 1461 2506 ad
1492 2481 1608 2506 sum-

116 2553 230 2578 mum
266 2539 569 2592 magistratum,
599 2554 723 2594 quem
749 2554 801 2579 ne
832 2538 1092 2580 nobilissimis
1122 2540 1290 2594 quidem
1318 2536 1443 2579 'iltius
1463 2540 1610 2579 aetatis

117 2610 358 2652 hominibus
392 2612 654 2654 committere
685 2628 809 2654 ausus
840 2621 914 2662 est,
945 2613 1251 2667 praefecturam
1290 2614 1482 2669 Aegypti,
1509 2627 1609 2667 pro-

117 2692 259 2725 vectus
288 2692 388 2727 erat.
449 2685 539 2726 Hoc
572 2687 607 2726 ei
628 2686 778 2727 multas
792 2686 905 2744 apud
931 2688 1153 2740 optimates
1171 2686 1404 2726 inimicitias
1424 2691 1465 2726 et
1484 2698 1610 2738 grave

36 2811 41 2818 Ι
114 2755 259 2797 odium
291 2757 553 2810 conflaverit,
587 2771 749 2799 necesse
782 2764 856 2799 cst.
916 2757 1162 2813 plerumque
1192 2759 1303 2802 enim
1335 2760 1362 2798 ii
1401 2757 1609 2799 nobilibus
