1728 3041
648 94 984 143 —24—

83 228 242 279 Vari,
281 229 381 283 qui
413 242 573 285 agros
605 226 848 281 divisit,
892 235 1129 284 praeter
1170 225 1465 284 palustria
1496 230 1574 269 'ui-

81 300 162 341 hil
196 302 471 343 relictum
501 303 608 354 sit,
652 302 809 343 sicut
837 316 900 343 ex
931 301 1195 343 oratione
1221 301 1490 344 Cornelii
1520 307 1575 343 in

81 373 358 414 Alfenum
386 375 591 416 Varum
622 374 987 416 ostenditur:
1038 374 1195 428 „Cum
1229 375 1438 428 iussus,
1463 378 1577 417 tria

82 446 274 488 millia
305 461 517 502 passus·
542 461 565 487 a
598 461 754 487 muro
784 446 837 486 in
874 445 1103 487 diversa
1134 447 1484 503 relinquere,
1517 456 1586 494 ut<

82 520 467 575 octingentos
526 535 714 575 passus
764 534 980 576 aquae,
1032 534 1174 576 quae
1222 521 1576 563 circumdata

80 602 192 646 est,
223 595 622 647 admetireris,
653 594 1025 650 reliquistis.“
1056 593 1239 651 (Meyer.
1270 603 1375 640 orat.
1402 596 1576 641 Roman.

82 668 233 721 fragm.
253 676 309 723 'p.
345 669 463 724 222).
524 670 609 709 lam
639 667 766 710 verba
797 670 991 709 iussus
1011 698 1023 721 ,
1062 667 1434 720 admetireris
1480 670 1577 711 satis

81 739 401 794 demonstrant,
453 741 524 783 hic
570 742 623 782 de
666 741 895 782 limitatore
934 749 975 783 et
1014 742 1294 796 agrimensore
1341 757 1577 784 sermonem

81 826 199 864 esse,
243 828 327 854 non
358 814 411 855 de
439 815 667 856 triumviro
699 816 813 855 Varo
830 844 843 864 ,
897 815 965 854 cui
994 827 1156 854 summa
1186 829 1328 855 rerum
1358 817 1577 857 commissa

82 894 188 933 erat.
212 888 270 942 ¹⁸)

199 961 281 1002 Sed
312 970 439 1003 restat
471 964 549 1003 alia
581 964 780 1017 quaesti0‚
813 978 921 1018 quae
941 965 1108 1019 propius
1128 978 1218 1004 rem
1238 970 1421 1003 nostram
1452 964 1579 1003 attin-

85 1031 147 1086 git
167 1062 181 1085 ‚
229 1033 422 1088 quisnam
450 1034 577 1074 fuerit
609 1034 827 1076 Cornelius
856 1034 939 1087 ille,
973 1050 996 1076 e
1026 1036 1145 1077 cuius
1188 1036 1380 1077 oratione
1408 1035 1580 1076 Servius

84 1103 191 1143 haec
225 1105 424 1145 servavit.
502 1105 693 1145 Vidimus
721 1107 801 1145 iam
831 1107 872 1146 in
897 1120 984 1160 cap.
1006 1107 1058 1147 Π.
1082 1136 1094 1158 ,
1140 1108 1378 1148 Cornelium
1411 1106 1578 1147 Gallum

85 1183 292 1216 oratorem
325 1177 475 1226 fuisse,
508 1179 563 1217 ita
585 1185 631 1217 ut
662 1191 786 1217 nemo
816 1177 1088 1218 dubitaturus
1117 1180 1183 1228 sit,
1216 1179 1442 1230 orationes,
1473 1192 1580 1234 quae

85 1250 163 1291 sub
194 1251 282 1291 eius
309 1251 478 1290 nomine
505 1245 749 1301 laudentur,
780 1250 856 1290 nisi
888 1249 993 1291 aliae
1011 1250 1195 1292 rationes
1224 1253 1411 1303 obstent,
1441 1259 1581 1292 nostro

87 1322 344 1365 adscribere.
391 1323 626 1364 Hic'tameu
652 1322 892 1377 ambiguum
914 1337 1000 1363 esse
1027 1331 1184 1377 potest,
1215 1324 1308 1379 quis
1332 1324 1455 1365 fuerit
1476 1324 1583 1365 Cor..

87 1395 221 1437 nelius
255 1395 344 1448 ille,
373 1409 502 1450 quum
533 1409 762 1449 cognomen
796 1409 882 1435 non
904 1395 1093 1436 additum
1113 1396 1178 1437 sit.
1237 1396 1297 1437 At
1316 1410 1437 1437 nemo
1457 1398 1582 1451 igno..

87 1476 181 1521 rat,
211 1469 439 1522 scriptores
468 1475 628 1508 veteres
655 1468 868 1507 Romanos
895 1467 1095 1522 homines,
1126 1469 1158 1508 si
1193 1470 1273 1509 iam
1302 1476 1422 1509 antea
1453 1469 1504 1508 de
1533 1469 1582 1510 iis

89 1554 228 1581 sermo
257 1541 397 1594 suerit,
430 1555 507 1581 nec
537 1541 608 1595 qui
643 1541 729 1580 sint
772 1539 948 1580 dubium
978 1554 1064 1581 esse
1095 1542 1222 1594 possit
1244 1570 1256 1592 ,
1287 1540 1378 1580 solo
1413 1536 1583 1582 nomine

88 1612 302 1667 gentilicio
342 1612 591 1667 significare.
656 1614 717 1653 lta
752 1612 820 1653 hic
858 1626 1056 1668 quoque,
1100 1613 1181 1653 nisi
1212 1612 1320 1653 Galli
1352 1626 1503 1653 nomen
1535 1628 1581 1652 ex

88 1685 304 1726 codicibus
323 1685 493 1737 excidit,
524 1685 694 1725 Servius
728 1686 794 1726 vix
814 1684 943 1725 alium
973 1690 1111 1739 potest
1130 1684 1359 1738 significare
1388 1683 1579 1736 voluisse,

87 1773 215 1813 quam
243 1758 489 1798 Cornelium
519 1758 710 1809 Gallum,
753 1757 805 1797 de
835 1772 918 1811 quo
947 1760 1030 1797 iam
1060 1764 1181 1797 antea
1210 1755 1374 1795 locutus
1402 1764 1505 1806 erat,
1537 1764 1580 1797 et

90 1836 262 1885 praeter
290 1844 413 1885 quem
445 1829 583 1870 nullus
607 1829 714 1869 alius
744 1827 973 1880 Cornelius,
1004 1828 1082 1869 hac
1111 1828 1153 1868 in
1186 1842 1232 1868 re
1263 1834 1460 1878 versatus,
1493 1842 1579 1869 me-

84 1912 291 1949 moratur.
377 1903 482 1945 Mihi
514 1902 684 1958 quidem
713 1902 798 1943 hoc
829 1903 921 1942 luce
949 1909 1008 1942 est
1039 1901 1206 1955 clarius,
1232 1907 1275 1941 et
1307 1901 1427 1941 video
1460 1902 1578 1944 Wei-

86 1976 283 2018 obertum
316 1982 358 2016 et
390 1978 607 2031 Meyerum
643 1975 687 2015 ΙΙ.
717 1990 779 2016 cc.
809 1989 972 2016 mecum
1005 1973 1259 2015 consentire.

200 2052 259 2090 lta
290 2048 484 2099 Gallum,
516 2063 647 2103 quum
682 2049 747 2089 vix
781 2050 1021 2088 vicesimum
1054 2054 1248 2087 octavum
1278 2046 1389 2086 vitae
1419 2060 1575 2087 annum

79 2122 191 2176 egit,
242 2135 326 2163 non
360 2127 524 2161 tantum
555 2136 577 2160 a
607 2121 888 2173 carminibus,
917 2119 988 2160 sed
1020 2119 1143 2161 etiam
1172 2133 1195 2159 a
1225 2118 1347 2159 rebus
1378 2118 1485 2172 bene
1502 2133 1576 2173 ge-

84 2196 156 2231 stis
186 2197 228 2230 et
262 2190 454 2230 facundia
484 2205 713 2245 rerumque
743 2191 972 2231 sorensium
1014 2190 1159 2245 peritia
1190 2191 1354 2230 clarum
1384 2197 1424 2229 et
1453 2191 1576 2230 nohi-

83 2263 167 2303 lem
199 2263 402 2303 videmus.
462 2263 607 2305 Fulsse
634 2264 803 2305 videtur
833 2264 960 2305 homo
990 2262 1190 2318 singulari
1210 2263 1474 2317 praestantia,
1501 2262 1575 2317 qui

85 2335 434 2376 nobilissimorum
482 2334 701 2376 hominum
731 2338 910 2391 gratiam
938 2336 1015 2377 sibi
1047 2335 1288 2390 collegerit,
1331 2350 1462 2391 eaque
1490 2334 1574 2375 ele-

81 2410 220 2463 gantia
251 2416 291 2450 et
322 2408 523 2451 facilitate
552 2422 741 2462 morum,
788 2415 837 2450 ut
882 2408 1251 2449 diversissimarum
1280 2408 1465 2462 partium
1496 2407 1574 2450 ho-

144 2585 203 2631 18)
232 2584 488 2631 Distinguendi
515 2586 690 2620 videntur
717 2597 794 2619 esse
821 2587 1025 2627 triumviri,
1053 2595 1151 2619 anno
1181 2588 1249 2622 713
1270 2585 1396 2625 missi,
1440 2586 1572 2624 Pollio,

232 2649 426 2684 Cornelius
452 2651 596 2691 Grallus,
625 2650 756 2692 Varus,
787 2655 824 2684 et
853 2649 1042 2684 triumviri,
1060 2650 1106 2691 ii,
1134 2650 1196 2697 qui
1226 2661 1323 2683 anno
1349 2650 1418 2687 714
1447 2649 1570 2684 mitte-

224 2713 361 2748 bantur
400 2713 445 2746 ad
484 2726 587 2758 agros
623 2716 805 2748 veteranis
843 2714 1091 2748 dimetiendos
1128 2720 1165 2748 et
1198 2714 1316 2747 limite
1343 2714 1570 2750 constituen-

225 2777 303 2821 dos,
328 2778 426 2815 iuter
455 2789 548 2827 quos
577 2778 730 2814 Alfenus
758 2780 877 2815 Varus
903 2785 941 2815 et
965 2779 1137 2816 Octavius
1163 2779 1269 2814 Musa
1300 2778 1382 2815 fuit.
