1728 3041
719 94 1054 137 —22—

140 218 321 273 stitutus,
355 217 428 263 sed
456 218 694 257 Mantuanis
736 233 904 273 quoque
944 233 1022 273 pro
1052 226 1170 273 parte
1207 221 1295 275 agri
1339 220 1635 266 reddebantur-1.

142 291 248 332 Nam
280 290 503 337 Cornelius
532 290 677 332 Gallus
710 305 794 332 una
822 305 919 332 cum
953 292 1085 344 Varo,
1114 294 1182 336 cui
1211 292 1355 348 ecloga
1385 294 1458 337 vl.
1487 295 1637 335 insci-i·

142 371 213 418 pta
236 370 308 413 =est..
335 363 404 415 (cf.
433 366 556 403 etiam
589 363 668 402 ecl.
705 364 822 413 lx.)‚
862 363 915 401 ab
947 364 1132 418 Augusto
1162 365 1359 405 triumvir
1386 367 1530 407 missus
1557 373 1636 417 ,est9

145 436 218 492 qui
250 435 469 491 pecuniam
502 436 553 475 ab
586 435 636 476 iis
668 435 905 489 municipiis
939 437 1134 491 exigeret,
1172 452 1351 492 quorum
1382 438 1473 491 agri
1502 438 1543 478 in
1569 453 1637 478 re-

143 509 266 563 gione
297 509 600 563 Transpadana
621 508 741 549 divisi
763 522 846 547 non
868 514 1017 559 erant'3
1045 511 1192 548 tertius
1214 518 1299 549 erat
1335 511 1497 551 Asinius
1530 509 1635 550 Pol-

143 580 230 632 lio,
273 581 327 621 ab
357 582 544 622 Antonio
576 580 734 624 missus.
795 581 954 632 (Vide
997 581 1146 622 Voss.
1189 581 1254 621 ad
1297 583 1446 637 Vin-g.
1478 581 1638 635 Eclt„

142 654 351 708 Spohn.
382 654 434 694 in
463 654 636 709 proll.
669 654 734 694 ad
768 654 921 708 Vin-g.
953 653 1089 707 buc.‚
1124 653 1347 702 1ahn.in
1377 656 1550 710 praef.
1574 655 1639 696 ad

142 727 318 783 Virg.)

257 801 357 842 Fuit
384 807 522 842 autem
551 809 591 842 et
616 803 722 843 Vari
756 809 797 843 et
828 802 1031 843 Pollionis
1067 810 1106 843 et
1137 802 1247 844 Galli
1278 802 1370 843 talis
1398 818 1496 858 erga
1534 803 1638 845 Vir..

144 873 292 929 gilium
337 873 635 915 benevolentia
657 902 668 923 ,
720 878 767 912 ut
798 872 866 913 hic
905 872 956 912 ad
985 880 1149 927 gratum
1180 874 1365 913 animum
1402 873 1640 916 testandum

148 946 377 999 laudesque
400 945 554 985 horum
588 945 907 984 triumvirorum
939 944 1208 985 celebrandas
1238 944 1426 985 bucolica
1456 946 1643 988 scribere

144 1018 366 1071 inceperit,
396 1016 510 1070 quod
543 1023 584 1057 et
610 1032 656 1056 ex
690 1017 785 1070 ipsis
830 1016 1110 1068 carminibus,
1142 1024 1304 1071 praeter
1340 1019 1640 1071 Octavianum,

147 1090 214 1129 his
243 1090 505 1143 potissimum
540 1090 640 1128 viris
673 1089 875 1128 dedicatis
894 1089 970 1139 ¹³),
1003 1097 1192 1143 apparet,
1220 1098 1260 1130 et
1291 1089 1425 1130 Servii
1457 1091 1642 1130 testimo-

149 1164 221 1202 nio
255 1162 307 1202 ad
339 1164 522 1216 primam
565 1162 768 1217 Eclogam
801 1164 1005 1202 firmatur.
1086 1164 1193 1203 Sunt
1236 1162 1364 1202 multa
1396 1162 1436 1201 in
1469 1162 1641 1203 historia

146 1235 318 1275 illorum
351 1241 616 1290 temporum,
660 1236 863 1289 imprimis
890 1235 1003 1295 ‘1¹¹‚0d
1033 1249 1232 1291 agrorum
1263 1235 1510 1274 divisionem
1540 1235 1642 1274 atti-

149 1316 237 1356 net,
271 1307 410 1349 adhue
440 1309 647 1361 obscura;
679 1324 768 1363 ego,
803 1297 1006 1365 quantum
1028 1324 1092 1350 res
1120 1316 1260 1349 nostra
1290 1309 1435 1364 poscit,
1468 1307 1519 1348 de
1536 1322 1644 1348 non-

154 1380 279 1421 nullis
309 1381 378 1420 hic
409 1378 643 1436 disputabo.
670 1382 716 1432 ¹⁴)
1107 1367 1112 1371 ἱ

264 1453 543 1495 Consentiunt
576 1455 836 1508 grammatici
871 1454 912 1494 in
946 1468 995 1495 eo
1019 1483 1031 1505 ‚
1065 1454 1222 1494 Varum
1253 1453 1386 1506 illum,
1416 1454 1469 1494 ab
1497 1456 1639 1509 Augu·

149 1534 214 1566 sto
244 1527 296 1566 ad
327 1541 448 1580 agros
482 1527 729 1567 dividendos
763 1527 804 1566 in
841 1526 1020 1566 Galliam
1068 1527 1265 1577 missum,
1315 1540 1402 1567 esse
1442 1526 1642 1567 Alfenum

151 1600 336 1652 Varum,
363 1599 640 1654 eundemque,
671 1602 790 1640 cuius
821 1615 888 1640 res
916 1608 1050 1654 gestas
1081 1599 1350 1640 celebrandas
1379 1599 1581 1654 Virgilius
1601 1601 1643 1639 in

150 1672 226 1713 ecl.
262 1674 337 1714 Vl.
369 1680 550 1728 propter
581 1674 735 1728 ingenii
765 1674 827 1714 sui
861 1672 1084 1714 exilitatem
1110 1672 1213 1717 ,aliis
1230 1673 1531 1724 transmiserim
1563 1673 1642 1713 nisi

149 1746 264 1801 quod
295 1746 346 1786 ad
378 1746 468 1789 init.
499 1746 541 1789 h.
574 1747 651 1787 ecl.
683 1746 853 1787 Servius
895 1747 1099 1801 quaedam
1142 1746 1194 1787 de
1237 1744 1468 1800 Quinctilio
1513 1745 1644 1796 Varo,

150 1834 229 1870 eo,
262 1820 332 1874 qui
367 1825 508 1874 postea
538 1820 591 1859 ab
623 1821 818 1859 Arminio
849 1819 962 1859 susus
988 1823 1067 1870 sit,
1098 1825 1290 1874 nugatur.
1350 1819 1398 1859 ld
1430 1820 1511 1858 iam
1539 1819 1644 1858 hene

152 1891 542 1933 animadverterunt
581 1892 661 1932 viri
696 1892 806 1932 docti
856 1892 1053 1945 (Vossius
1082 1892 1134 1932 ad
1164 1892 1281 1946 Virg.
1313 1891 1387 1931 ecl.
1419 1892 1493 1942 VI,
1522 1893 1645 1933 Wei-

153 1966 321 2007 chertus
353 1966 405 2006 de
438 1967 487 2006 L.
514 1966 641 2005 Vario
671 1973 794 2020 poeta
816 1981 856 2020 p.
879 1966 996 2019 r25)‚
1034 1966 1145 2005 hune
1176 1965 1367 2005 Alfenum
1398 1964 1557 2005 Varum
1577 1963 1644 2004 di-

152 2053 321 2079 versum
355 2053 439 2078 esse
469 2053 492 2077 a
524 2037 642 2078 claro
674 2038 745 2078 illo
776 2038 1006 2078 caussiclico
1037 2036 1218 2076 eiusdem
1239 2036 1435 2087 nominis,
1465 2036 1646 2090 quiAu·

151 2114 258 2168 gusti
290 2112 554 2166 temporibus
585 2112 795 2155 floruerit.
857 2115 919 2151 Ac
949 2110 1186 2152 Vossius
1215 2109 1385 2164 quidem
1423 2109 1537 2149 hunc
1558 2108 1645 2149 Va-

150 2201 244 2228 rum
285 2192 430 2227 censet
471 2185 599 2226 fuisse
646 2184 696 2227 L.
746 2184 999 2226 Alfenum
1043 2184 1247 2224 Varum
1290 2182 1514 2238 quendam,
1543 2181 1647 2237 Epi-

148 2275 320 2300 cureum
363 2267 403 2299 et
452 2259 639 2299 Caesaris
681 2259 884 2310 amicum,
923 2273 947 2298 a
992 2250 1217 2311 Quinct.
1268 2256 1457 2297 instit.
1500 2271 1571 2296 or.
1615 2255 1646 2297 l·

149 2333 191 2381 6,
227 2335 270 2383 3,
303 2332 370 2389 78,
404 2339 699 2383 memoratum,
734 2331 1111 2372 Weichertus
1141 2343 1267 2381 vero,
1295 2330 1468 2370 omnino
1497 2342 1646 2383 repro..

221 2512 278 2557 13)
307 2511 396 2545 Nam
427 2512 520 2547 Ectl.
550 2513 594 2546 ΙΙ.
624 2517 661 2546 et
688 2512 775 2553 111„
814 2517 899 2546 ante
932 2513 1000 2548 713
1033 2511 1213 2557 scriptae,
1249 2507 1414 2555 quamvis
1450 2506 1569 2540 minus
1606 2506 1645 2541 iu

299 2587 447 2609 censum
477 2576 536 2610 hic
562 2578 724 2619 veniant,
751 2582 874 2610 tamen
902 2582 1117 2620 coarguunt,
1143 2578 1290 2620 poetam
1316 2571 1472 2606 Pollioni
1499 2572 1569 2604 ium
1586 2569 1648 2603 iu-

302 2640 484 2674 notuisse.

213 2703 272 2749 14)
305 2704 357 2736 De
385 2703 578 2737 nonnullis
607 2704 716 2737 rebus
744 2704 783 2737 in
808 2702 878 2736 hoc
901 2708 1044 2747 tempus
1074 2699 1325 2736 incidentibus
1352 2700 1449 2735 bene
1478 2698 1648 2748 (lisputa-

294 2768 346 2803 vit
372 2765 593 2803 'rumbecke
613 2766 659 2801 de
685 2767 785 2809 Asin.
817 2767 995 2807 Pollione,
1021 2777 1057 2814 p.
1089 2769 1130 2804 17
1162 2777 1241 2814 sqq.
