1728 3041
714 80 1053 127 ...32—

129 216 320 267 pacatam
363 209 450 252 fere
493 223 659 265 semper
690 210 817 251 fuisse
861 210 1094 267 Aegyptum
1135 223 1268 267 neque
1308 225 1332 251 a
1364 209 1529 266 populis
1560 212 1623 252 vi·

129 286 234 325 cinis
265 284 535 335 infestatam,
583 283 758 324 eandem
807 283 1098 326 condicionem
1144 284 1270 325 ctiam
1299 284 1388 325 sub
1427 283 1627 325 Romanis

132 372 333 409 manere;
368 360 548 410 σημεῖον
578 355 640 407 δὲ,
673 356 835 411 pergit,
862 357 983 409 τρισί
1008 356 1111 410 γοῦν
1139 358 1361 409 σπείραις,
1391 354 1493 397 οὐδέ
1521 354 1626 399 ταύ-

130 443 227 476 ταις
255 429 495 478 ἐντελέσιν,
529 424 687 476 ἱκανῶς
715 423 797 468 ὑπὸ
827 428 912 469 τῶν
936 425 1170 480 ‘Pwpcat'wv
1208 426 1232 483 ἡ
1260 426 1387 483 χώρα
1417 433 1626 484 φρουρεῖ·-

129 516 200 542 tat
232 529 680 545 .......
715 496 817 542 οὕτε
857 499 940 556 γάρ
973 501 1082 543 εἰσιν
1113 497 1202 543 οὔτ’
1244 501 1370 543 αὐτοὶ
1412 499 1451 543 οἱ
1482 499 1626 556 At'yii.v

132 589 246 617 πτιοι
296 574 580 628 πολεμισταί,
622 576 774 630 καίπερ
813 567 928 624 ὄντες
956 576 1255 630 παμπληθεῖς,
1291 570 1393 616 οὔτε
1421 573 1478 618 τὰ
1505 576 1627 630 πέριξ

129 644 251 701 ἔθνη.
308 645 474 697 Γάλλος
500 649 582 700 μὲν
609 650 656 702 γὲ
676 646 928 701 Κορνήλιος,
960 645 983 689 ὅ
1000 650 1171 702 πρῶτος
1190 647 1478 698 κατασταθεὶς
1492 645 1626 703 ἔπαρ-

125 732 207 772 χος
234 719 307 772 τῆς
334 716 485 774 χώρας
516 717 598 760 ὑπὸ
616 717 851 777 Καίσαρος,
882 717 960 775 τήν
990 735 1034 762 τε
1058 716 1244 776 ‘Haedum
1271 716 1397 761 πόλιν
1429 720 1624 763 clavata..

127 807 211 841 cuv
238 789 461 846 ἐπελθών,
494 791 554 833 δι’
582 793 738 846 ὀλίγων
767 788 866 837 εἷλε.
913 791 1068 834 στάσιν
1113 806 1160 834 τε
1206 794 1463 848 γενηθεῖσαν
1497 793 1542 835 ἐν
1571 794 1626 851 τῇ

133 863 324 919 Θηβαΐδι
356 860 427 905 διὰ
462 862 564 913 τούς
595 861 761 920 φόρους
783 865 829 906 ἐν
853 867 1019 919 βραχεῖ
1031 866 1253 918 κατέλυσε,
1283 868 1336 909 de
1356 883 1437 923 qua
1458 882 1505 909 rc
1523 870 1624 909 Am-

129 940 295 979 mianus
326 954 496 994 quoque
526 941 662 984 Marc.
693 940 785 980 loco
817 939 928 980 infra
957 939 1170 981 laudando
1201 940 1347 981 refert.

169 1027 173 1031 ’
226 1012 392 1064 Caesar,
423 1027 552 1067 quum
584 1027 608 1051 a
636 1012 853 1053 fertilitate
875 1013 1056 1067 Aegypti
1085 1020 1125 1052 et
1155 1028 1294 1052 annuo
1327 1020 1530 1068 proventu
1548 1028 1625 1053 an-

128 1098 242 1123 nona
274 1084 408 1125 Urbis
437 1085 670 1139 penderet,
713 1099 842 1139 eaque
885 1085 980 1124 inde
1013 1087 1186 1125 maxime
1215 1093 1521 1126 sustentaretur
1542 1115 1553 1136 ,
1581 1086 1625 1126 id

126 1157 386 1212 potissimum
418 1159 514 1212 egit,
542 1164 588 1198 ut
618 1157 872 1198 feracitatem
903 1156 1011 1207 soli,
1053 1172 1217 1212 quaqua
1264 1158 1427 1198 ratione
1459 1158 1498 1198 id
1535 1159 1623 1198 ficri

126 1238 323 1284 poterat,
357 1231 598 1286 adaugeret.
685 1232 831 1287 Itaque
861 1246 993 1285 quum
1025 1231 1187 1272 canales
1220 1246 1243 1272 a
1275 1232 1485 1271 veteribus
1516 1232 1626 1286 regi-

126 1302 204 1343 bus
236 1304 288 1343 ad
323 1318 473 1358 aquam
504 1318 582 1357 per
623 1310 783 1343 terram
826 1303 1103 1344 diducendam
1134 1305 1318 1357 structi,
1365 1305 1442 1344 sub
1471 1305 1628 1345 ultimis

130 1375 379 1416 Ptolemaeis
412 1376 626 1430 paullatim
661 1369 834 1430 neglecti
866 1382 908 1416 et
937 1375 1110 1430 collapsi
1143 1378 1346 1428 iacerent,
1382 1392 1452 1417 eos
1482 1377 1627 1417 reiecit

130 1450 424 1503 purgavitque,
458 1455 496 1488 et
519 1462 649 1487 novos
682 1449 848 1502 insuper
879 1448 1044 1489 addidit
1073 1449 1170 1499 (Dio
1189 1449 1352 1490 Cassius
1371 1449 1440 1502 51,
1460 1464 1500 1503 p.
1512 1448 1628 1504 649),

127 1535 210 1574 qua
243 1522 282 1560 in
316 1534 362 1560 re
406 1520 520 1560 haud
564 1520 693 1560 dubie
724 1520 905 1559 Cornelii
932 1520 1042 1560 Galli
1093 1535 1224 1574 opera
1263 1535 1361 1561 usus
1407 1529 1480 1564 cst.
1529 1536 1626 1561 nam

126 1595 251 1633 etiam
281 1599 424 1648 postea
456 1592 567 1633 hanc
597 1608 685 1634 rem
713 1592 824 1633 Galli
853 1593 1177 1643 successoribus,
1208 1594 1410 1634 Petronio
1437 1602 1482 1635 et-
1509 1592 1626 1635 Aelio

127 1666 263 1716 Gallo,
299 1681 426 1707 curae
456 1667 600 1718 fuisse,
631 1666 753 1707 docet
785 1667 900 1707 locus
929 1667 1143 1707 Strabonis
1172 1666 1199 1710 l.
1224 1681 1284 1721 ¹7,
1316 1681 1363 1722 1‚-
1385 1667 1424 1706 5.·
1481 1666 1626 1706 Gallus

85 1730 100 1771 J
125 1739 179 1779 ad
212 1739 393 1779 fabricas
426 1747 466 1779 et
492 1739 657 1793 opificia
690 1754 860 1793 quoque
888 1739 1077 1793 augenda
1120 1732 1491 1793 promovendaque
1516 1752 1623 1778 non-

127 1810 232 1850 nibil
272 1810 499 1850 contulisse
527 1810 717 1860 videtur,
762 1812 793 1850 si
825 1810 994 1863 quidem
1037 1824 1165 1864 genus
1196 1810 1408 1864 quoddam
1453 1810 1623 1852 chartae

125 1883 352 1939 byblinae‚
394 1897 503 1939 quae
531 1881 804 1923 Alexandriae
835 1882 1132 1922 conficiebatur
1154 1913 1165 1930 ‚
1218 1882 1278 1923 ab·
1307 1881 1377 1922 illo
1407 1884 1623 1928 inventum

121 1955 506 2009 Cornelianumq'ue
537 1961 731 1995 vocatum
764 1963 824 1994 'est
858 1954 969 2006 (lsid.
999 1954 1120 2008 Orig.'
1143 1955 1184 2005 6,
1215 1958 1271 2009 9).
1589 1957 1591 1959 ’

236 2028 317 2068 Sed
351 2035 489 2068 monet
519 2042 584 2068 me
614 2028 776 2067 occasio
799 2058 810 2080 ,
861 2034 907 2067 ut
939 2042 1026 2067 rem
1060 2028 1262 2080 tractem,
1310 2042 1417 2082 quae
1440 2058 1453 2079 ,
1502 2029 1620 2083 quod

126 2102 253 2142 sciam
274 2132 285 2151 ‚
318 2100 504 2140 nondum
534 2101 657 2154 plane
687 2100 928 2154 disquisita,
974 2106 1204 2140 certe-non
1244 2102 1299 2141 ita
1331 2101 1384 2141 ad
1416 2100 1620 2156 liquidum

122 2176 323 2231 perducta
356 2181 431 2225 est,
464 2174 510 2212 ut
539 2171 642 2211 mihi
664 2185 834 2227 quoque
865 2185 947 2211 non
978 2169 1113 2224 liceat,
1143 2171 1209 2211 hic
1237 2171 1290 2212 de
1318 2187 1364 2212 ea
1394 2173 1620 2228 disputare.

123 2250 303 2290 Narrant
334 2247 447 2287 enim
476 2244 739 2301 grammatici
790 2245 965 2293 (Donat.
1019 2246 1092 2288 vit.
1130 2245 1366 2300 Virg...39,
1410 2247 1526 2292 Serv.
1568 2248 1620 2288 ad

120 2320 213 2366 Ecl.
229 2321 280 2372 X,
320 2336 353 2372 1,
387 2321 544 2375 Georg.
558 2320 633 2367 IV,
657 2334 692 2369 1,
722 2319 774 2362 al.
807 2318 872 2370 1.),
902 2326 1101 2373 quartum
1122 2319 1438 2373 ‘Georgicorum
1470 2321 1568 2362 inde
1595 2336 1620 2362 a

124 2395 259 2434 medio
292 2394 402 2434 libro
432 2406 566 2447 usque
588 2390 642 2431 ad
670 2390 794 2431 finem
816 2389 998 2430 Cornelii
1031 2389 1142 2430 Galli
1174 2390 1318 2432 laudes
1348 2394 1618 2444 continuisse,

123 2481 228 2522 quas
255 2475 398 2521 postea
425 2464 629 2521 Virgilius
661 2464 831 2504 iubente
858 2464 1045 2518 Augusto
1077 2463 1279 2504 deleverit
1311 2472 1350 2503 et
1381 2465 1422 2504 in
1442 2466 1617 2507 Aristaei

121 2540 335 2595 fabulam,
356 2552 461 2592 quae
492 2551 605 2577 nunc
638 2536 697 2576 ibi
733 2535 912 2590 legitur,
942 2537 1178 2578 mutaverit.
1256 2535 1350 2588 Qua
1385 2536 1426 2577 in
1459 2552 1502 2579 re
1535 2553 1616 2579 non

121 2616 259 2656 minus
296 2612 321 2651 ii
356 2610 444 2650 falsi
475 2618 594 2661 sunt,
635 2608 708 2664 qui
738 2608 779 2648 in
823 2622 942 2648 mera
973 2608 1340 2661 grammaticorum
1382 2619 1616 2652 commenta

122 2703 211 2729 eam
244 2686 531 2726 narrationem
559 2682 813 2733 retulerint,
861 2694 985 2735 quam
1016 2679 1045 2719 ii
1070 2710 1081 2732 ,
1126 2682 1196 2735 qui
1229 2683 1398 2723 nimiam
1429 2684 1464 2724 ei
1491 2683 1616 2725 fidem

118 2756 356 2802 habuerint,
408 2755 525 2796 'Nam
571 2753 683 2809 quod
730 2752 833 2793 illud
883 2753 1052 2806 attinet,
1102 2767 1233 2809 quum
1263 2761 1452 2808 constet,
1498 2757 1616 2810 duas,
