1728 3041
678 113 1006 158 ..25-

99 246 230 287 mines
257 243 337 285 sibi
377 242 528 281 amicos
569 238 790 291 habuerit,
839 239 1025 294 quamvis
1060 238 1131 279 uni
1162 245 1405 280 constanter
1433 246 1475 278 et
1505 238 1585 280 fide

97 318 309 365 addictus„
361 312 474 367 Quin
507 313 620 369 quod
653 312 1048 367 praestantissimum
1079 311 1361 353 testimonium
1394 312 1584 367 egregiae

94 398 269 431 naturae
297 395 340 428 et
371 389 529 440 optima
560 386 866 426 commendatio
897 385 948 424 ad
971 386 1257 439 posteritatem
1282 384 1384 425 mibi
1415 385 1583 437 quidem

94 462 275 513 videtur,
307 460 487 513 Virgilio
522 459 579 499 ita
608 472 731 499 carus
758 457 849 508 fuis,
885 466 930 498 ut
960 459 993 497 is
1021 458 1102 502 ecl.-
1126 459 1182 510 X,
1215 459 1282 514 73.
1320 457 1509 503 dixerit:

199 516 202 517 ⁷
263 532 399 583 Gallo,
432 534 547 573 cuius
578 546 699 573 amor
727 539 888 572 tantum
919 532 1019 571 mihi
1053 533 1197 572 crescit
1228 533 1270 571 in
1301 531 1442 582 horas,

261 592 474 657 Quantum
503 620 604 646 vere
634 620 744 646 novo
776 605 918 646 viridis
948 620 991 646 se
1019 605 1184 646 subiicit
1212 605 1345 645 alvus.

95 679 259 731 Quibus
287 678 426 719 verbis
456 693 555 718 num
586 679 804 733 quisquam
825 677 1080 733 praeclarius
1099 677 1261 719 laudari
1282 677 1425 732 possit,
1460 673 1582 715 valde

92 752 254 793 dubito.

464 825 556 869 ,A.
587 824 643 866 U.
675 825 721 868 C.
754 837 852 880 717,
887 839 924 865 a.
954 824 1026 863 Ch
1045 838 1080 863 r.
1114 822 1181 876 37.

269 900 328 940 Μ.
369 898 692 955 Vipsanius
723 899 1006 954 Agrippa,
1052 898 1098 937 L.
1129 895 1409 936 Caninius

648 974 687 1011 G
700 971 748 1011 al
768 972 847 1011 lus
877 986 899 1011 c
915 987 940 1011 o
960 986 1021 1013 ss·

670 1058 710 1087 a.
746 1043 899 1084 Galli
937 1044 1005 1084 52.

94 1115 188 1157 Hoc
217 1111 578 1169 annovirgilium
608 1112 795 1168 eclogam
827 1114 1030 1153 decimam
1052 1114 1273 1167 scripsisse,
1307 1120 1445 1154 censet
1465 1113 1579 1151 Mar-

92 1187 233 1238 tinus,
263 1188 359 1241 quia
391 1185 434 1225 in
474 1185 545 1227 illo
574 1186 762 1226 carmine
792 1186 1063 1240 expeditionis
1096 1188 1378 1226 Romanorum
1407 1186 1449 1224 in
1479 1182 1580 1222 Gal-

92 1258 192 1299 liam
216 1259 267 1298 ad
297 1258 491 1299 Rhenum
517 1260 771 1301 mentionem
802 1259 976 1309 inficiat,
1007 1260 1089 1298 Dio
1117 1267 1253 1299 antem
1289 1259 1314 1302 Ι.
1345 1257 1413 1310 48,
1442 1272 1477 1297 e.
1503 1257 1578 1311 49,

93 1344 137 1384 p.
171 1329 254 1383 564
272 1331 322 1371 R.
356 1331 523 1385 tradat,
571 1333 632 1372 M.
677 1332 904 1387 Agrippam
948 1340 1039 1386 post
1079 1333 1298 1373 Caesarem
1345 1328 1580 1383 secundum

93 1399 244 1451 fuisse,
286 1401 356 1455 qui
390 1401 586 1442 Rhenum
616 1404 829 1444 traiecerit
853 1433 866 1455 ,
906 1404 1034 1458 idque
1064 1405 1181 1444 initio
1208 1404 1295 1443 eius
1323 1404 1419 1442 anni
1441 1433 1453 1454 ,
1495 1415 1580 1457 quo

93 1473 236 1513 consul
268 1473 410 1515 fuerit.
469 1477 516 1515 ln
547 1476 633 1517 eius
665 1478 847 1516 exercitu
875 1477 1046 1532 Lycoris
1076 1491 1262 1530 quoque,
1294 1476 1359 1516 vel
1382 1490 1479 1515 vero
1499 1489 1578 1515 no..

93 1545 202 1589 mine
226 1545 431 1601 Cytheris,
463 1547 555 1598 suit,
588 1562 694 1603 quae
722 1557 842 1589 antea
859 1550 970 1589 Galli
999 1550 1143 1599 amica,
1174 1549 1253 1588 hoc
1274 1549 1454 1598 deserto,
1480 1563 1579 1587 cum

92 1618 173 1657 alio
200 1617 381 1672 quodam
413 1628 601 1661 amatore
638 1622 845 1675 Agrippae
874 1621 1095 1661 exercitum
1126 1628 1263 1660 secuta
1296 1628 1373 1663 est.
1433 1619 1578 1659 Gallus

98 1691 274 1731 maximo
302 1691 431 1753 animi
459 1691 606 1734 dolore
635 1692 750 1733 hunc
781 1708 922 1735 casum
942 1694 1052 1742 tulit,
1082 1694 1352 1748 quamobrem
1375 1690 1578 1746 Virgilius

96 1762 183 1803 eius
214 1764 455 1803 consolandi
484 1777 626 1805 caussa
654 1763 774 1804 initio
807 1765 912 1805 veris
944 1765 1062 1815 (nam
1083 1771 1174 1804 tum
1193 1777 1362 1802 carmen
1378 1761 1579 1815 scriptum

96 1846 199 1884 esse,
235 1840 349 1874 recte
379 1834 550 1875 Vossius
577 1833 742 1889 statuit)
789 1833 842 1875 ad
874 1833 1058 1889 eclogam
1094 1833 1280 1875 ultimam
1312 1834 1578 1875 scribendam

93 1920 305 1960 eggressus
331 1912 404 1946 est.
435 1944 437 1947 ,
472 1905 637 1947 Gallum
667 1921 715 1947 eo
746 1913 935 1961 tempore
963 1908 1004 1947 in
1037 1906 1115 1947 alia
1145 1907 1403 1962 expeditione
1434 1919 1578 1947 versa-

93 1982 181 2017 tum
210 1978 349 2029 fuisse,
380 1992 427 2018 ex
457 1993 517 2019 vs.
544 1979 616 2030 44.
648 1978 769 2019 huius
799 1981 969 2035 eclogae
990 1980 1137 2035 ‘colligi
1170 1987 1317 2035 potest,
1344 1979 1416 2019 ubi
1435 1978 1578 2019 Gallus

92 2047 172 2088 hoc
200 2049 251 2090 de
282 2064 325 2091 se
353 2052 591 2105 praedicat:

259 2123 380 2164 Nunc
410 2123 576 2164 insanus
604 2139 721 2165 amor
743 2124 841 2166 duri
873 2126 915 2165 M
935 2126 971 2168 E
1004 2125 1147 2165 Martis
1182 2126 1222 2165 in
1254 2122 1398 2174 armis,

92 2192 160 2235 ubi
189 2208 267 2234 me
295 2195 396 2235 illud
419 2225 431 2246 ‚
478 2196 761 2251 nequidquam
792 2212 814 2237 a
843 2199 945 2238 viris
976 2197 1106 2238 doctis
1135 2203 1339 2237 tentatum
1369 2203 1411 2235 et
1441 2195 1482 2235 in
1514 2202 1531 2235 t
1549 2210 1573 2236 e

88 2274 305 2318 mutatum,
341 2268 448 2308 bene
480 2267 663 2309 defendit
696 2270 880 2310 Vossius.

199 2339 340 2390 Quum
371 2341 482 2379 enim
513 2339 658 2380 Gallus
686 2354 746 2380 vs-
783 2340 851 2383 55.
882 2340 1060 2380 dixerit:

254 2412 391 2465 Atque
420 2413 579 2452 utinam
611 2428 657 2454 ex
686 2413 806 2455 vobis
834 2428 954 2465 unus,
987 2414 1192 2468 vestrique
1222 2413 1384 2454 fuissem

258 2484 341 2537 Ant
373 2491 510 2524 custos
536 2486 669 2538 gregis
699 2514 885 2529 .....

254 2583 439 2601 .....
470 2556 539 2596 hic
568 2558 657 2611 ipso
686 2564 820 2597 tecum
852 2559 1049 2612 (Lycoris)
1082 2547 1358 2599 consumerer
1385 2573 1504 2609 aevu,

38 2672 45 2681 ς
88 2637 142 2664 vs.
174 2625 244 2679 44.
276 2629 385 2670 bene
416 2629 524 2676 vitae
555 2630 811 2684 pastoriciae,
844 2629 1098 2686 tranquillae
1130 2638 1169 2671 et
1202 2631 1408 2686 placidae,
1438 2643 1563 2684 quam

87 2697 163 2738 sibi
193 2708 376 2756 exoptat,
404 2701 499 2743 duri
534 2705 679 2744 Martis
704 2719 842 2756 arma,
874 2712 915 2745 et
944 2712 1090 2745 mutuo
1122 2704 1182 2745 illi
1217 2706 1379 2754 amori,
1410 2703 1565 2757 quibus

83 2777 266 2822 pastores
294 2774 507 2827 fruuntur,
542 2775 666 2832 ipsius
693 2791 879 2820 amorem
910 2778 1101 2820 insanum
1131 2777 1317 2834 opponit.
1375 2776 1565 2832 Accedit,
