1728 3041
697 137 763 148 --
833 115 895 160 33
970 138 1029 146 —

121 262 219 304 quas
250 246 393 289 dicunt
415 278 425 298 ,
477 244 734 285 recensiones
764 244 962 284 carminis
1010 244 1073 283 sui
1104 241 1326 298 Virgilium
1363 244 1608 297 exhibuisse,

63 366 65 368 ,
122 320 556 375 ρήοιἐηι·ΐὲι·ε»η.τυ.
590 314 736 371 c'.72l‚
767 317 1030 370 posteriorem
1064 316 1203 370 paullo
1232 324 1321 370 post
1354 330 1511 356 annum
1526 319 1610 371 7²8

124 399 181 442 (v.
214 390 598 443 Voss.‘ad⁴Georg.
630 389 685 440 3,>
705 386 804 442 26),
834 391 875 429 in
905 402 1059 428 annum
1090 390 1172 443 728
1219 398 1359 431 autem
1390 389 1607 431 damnatio

122 473 164 508 et
192 479 303 506 mors
334 463 442 505 Galli
475 461 653 514 incidat,
680 462 758 503 boe
790 477 863 518 per
890 477 933 503 sc
965 463 1185 505 verisimile
1212 474 1286 518 est,
1313 467 1345 507 si
1376 464 1545 521 quidem
1567 464 1610 504 in

123 539 193 581 illa
238 541 353 593 piore
396 536 492 578 libri
536 536 719 594 editione
759 536 839 577 hoc
873 535 963 577 loco
996 536 1104 577 Galli
1139 538 1278 579 laudes
1310 541 1490 580 insertae
1519 538 1613 577 liw-

126 614 241 664 rint,
262 614 356 650 c'·a's
392 616 487 665 post
532 610 613 666 728
645 616 692 651 ut
724 609 912 664 Augusto
943 611 1123 664 ingratas
1153 612 1305 652 deletas
1338 612 1616 667 laminamque

125 686 213 727 alio
236 681 483 739 argumento
498 682 701 738 >expletam
730 698 834 724 esse.
894 684 978 724 Nee
995 685 1127 726 minus
1148 686 1365 740 probabile
1394 694 1466 741 est,
1489 687 1615 727 fuisse

126 757 359 813 aliquitb'in
391 756 462 797 illo
491 756 602 797 libro
624 756 694 796 de.
714 755 910 797 laudibus
940 756 1062 797 Galli.
1104 772 1197 797 nam
1228 760 1409 813 primum
1439 774 1616 799 consen-

126 833 247 872 liunt’
269 831 308 871 in
340 831 419 871 bac
442 845 493 881 rc
522 819 796 886 grammatici,
816 830 888 885 qui
921 845 996 871 cur
1015 830 1098 871 tale
1122 833 1220 886 quid
1248 833 1455 883 finxerint,
1488 845 1614 872 nemo

127 918 294 960 prorsus
326 904 549 960 insstelligit3
579 903 756 956 deinde,
796 919 926 959 quum
957 905 1048 946 aliis
1080 920 1247 961 quoque
1277 906 1376 946 locis
1415 906 1616 959 Virgilius

126 978 311 1026 Gallum,⁴
341 977 553 1018 bominem
575 977 655 1017 sibi
689 976 1000 1030 amicissimum,
1034 977 1227 1019 laudibus
1258 979 1465 1028 extulerit,
1503 977 1617 1018 nullo

126 1050 271 1095 melius
299 1056 483 1105 tempore
514 1049 556 1090 id
587 1050 719 1090 facere
749 1056 926 1109 poterat,
957 1064 1084 1103 quam
1113 1065 1179 1101 eo,
1209 1065 1293 1106 quo
1328 1050 1474 1090 Gallus
1503 1064 1617 1090 sum-

127 1136 193 1164 ma
224 1123 406 1178 Augusti*
426 1123 611 1164 amicitia
656 1121 800 1163 ssoruit
842 1129 882 1162 et
919 1122 970 1162 ad
1013 1137 1196 1163 summos
1241 1123 1423 1164 bonores
1463 1123 1517 1163 ab
1546 1122 1619 1163 illo

126 1202 351 1252 provectus
377 1203 466 1248 est3
516 1203 607 1236 erat
636 1195 677 1236 id
709 1204 846 1236 autem
876 1195 987 1236 eirca
1023 1211 1178 1236 annum
1222 1196 1303 1252 724
1330 1228 1342 1250 ‚
1392 1211 1476 1251 quo
1527 1198 1617 1251 ipso

127 1283 235 1308 anno
269 1268 470 1322 Virgilius
497 1275 693 1322 quartum
725 1269 1026 1322 Georgicorum
1056 1269 1232 1322 scripsit.
1582 1316 1585 1319 ¹

242 1340 297 1383 A't
326 1342 378 1382 ab
409 1341 535 1399 altera
567 1348 689 1395 parte
720 1341 847 1380 multa
878 1349 974 1381 sunt
994 1372 1005 1390 ‚
1050 1356 1156 1394 quae
1195 1356 1266 1381 nos
1297 1350 1523 1400 moneant,
1569 1358 1621 1383 ne

128 1423 285 1455 temere
314 1428 419 1454 neve
452 1413 687 1454 inconsulto
718 1413 797 1454 hoc
825 1415 1189 1468 grammaticorum
1224 1415 1500 1454 testimonium
1531 1429 1621 1455 am-

128 1488 357 1542 plexemur.
416 1489 517 1528 Nam
551 1486 730 1540 primum
766 1485 1014 1526 dissentiunt
1042 1487 1124 1539 ipsi
1156 1487 1261 1526 inter
1290 1500 1333 1526 se
1363 1487 1415 1527 de
1435 1501 1481 1526 ea
1503 1495 1623 1542 parte

128 1560 335 1610 carminis,
361 1572 470 1614 quae
499 1566 637 1614 postea
674 1559 715 1599 in
738 1558 889 1599 lacuna
917 1557 986 1598 illa
1017 1560 1240 1599 substituta
1271 1559 1339 1612 sit,
1370 1574 1500 1616 quum
1530 1562 1622 1602 Do..

132 1621 253 1675 natus
287 1640 327 1673 et
356 1631 530 1674 Servius
560 1632 590 1673 l.
622 1632 647 1672 l.
679 1632 817 1672 dicant
837 1662 848 1682 ,
891 1638 1023 1671 totam
1070 1632 1181 1672 illam
1224 1632 1408 1672 fabulam
1437 1634 1489 1673 de
1518 1634 1621 1674 Ari-

131 1713 244 1745 staeo
277 1719 370 1752 eum
401 1705 535 1745 locum
568 1712 710 1745 tenere
728 1693 905 1759 ‚'-quem
942 1703 1041 1743 olim
1073 1703 1184 1745 Galli
1214 1704 1354 1745 laudes
1388 1709 1617 1759 tenuerint,

133 1777 183 1817 ad
213 1762 272 1818 vsi
304 1777 386 1830 453
417 1778 444 1822 Ι.
473 1777 513 1828 4.
564 1771 735 1818 Servius
765 1791 836 1816 seu
866 1777 961 1831 quis
990 1775 1059 1816 ille
1089 1782 1149 1816 est
1180 1777 1219 1816 id
1244 1777 1296 1816 ad
1322 1779 1622 1830 narrationem,

132 1851 183 1890 «le
213 1850 386 1906 Orpheo
420 1852 614 1890 insertam
637 1879 649 1901 ‚
687 1852 765 1900 (vs.
793 1848 1034 1906 453—527)
1066 1850 1303 1904 restringat.
1362 1850 1525 1892 Deinde
1557 1853 1621 1891 vix

135 1923 410 1978 intelligitur,
455 1924 523 1977 qui
556 1936 681 1963 nexus
708 1921 840 1963 suerit
862 1923 971 1962 inter
999 1930 1292 1975 argumentum
1327 1923 1440 1964 libri*
1466 1926 1623 1978 quarti,

110 1988 223 2037 xrem
255 1996 457 2052 apiarium
505 1995 626 2044 dico,
675 2001 715 2033 et
763 1993 1003 2034 Cornelium
1046 1993 1212 2035 Gallum
1250 2003 1334 2036 tam
1379 2005 1545 2051 arctus,
1576 2005 1624 2038 ut

135 2077 313 2127 utraque
342 2085 406 2111 res
435 2069 647 2110 dimidiam
675 2069 770 2109 ,libri
816 2076 975 2123 partem
1009 2069 1172 2124 explere
1210 2071 1408 2124 potuerit.
1466 2072 1627 2112 Fuisset

135 2158 231 2185 sane
263 2144 365 2185 haec
395 2144 699 2194 inconcinnitas
718 2150 758 2184 et
789 2143 907 2195 male,
939 2145 971 2183 si
1001 2142 1106 2183 liber
1138 2145 1191 2184 ita
1224 2143 1364 2184 fnisset
1392 2143 1627 2199 dispositus,

138 2218 290 2273 ingenii
323 2219 383 2259 sui
414 2217 678 2260 sterilitatem
710 2218 793 2271 ipse
828 2225 930 2257 esset
958 2218 1189 2272 professus,
1220 2217 1253 2257 si
1277 2219 1323 2263 *in
1353 2230 1440 2258 rem
1472 2219 1525 2258 ab
1554 2233 1626 2259 ar-

140 2299 334 2345 gumento
365 2291 602 2332 alieniorem
626 2298 708 2330 tam
741 2288 863 2344 louge
877 2291 1134 2332 excurrisset.
1167 2304 1250 2345 quo
1272 2290 1374 2331 vitio
1385 2297 1514 2345 *poeta
1535 2306 1628 2333 nus·

140 2380 260 2418 quam
287 2363 466 2405 laborat.
516 2364 745 2414 Postremo,
775 2362 887 2417 quod
911 2362 1209 2417 gravissimum
1241 2371 1325 2411 est,
1350 2362 1419 2403 illa
1450 2363 1502 2404 de
1531 2364 1626 2405 Ari-

141 2444 267 2486 staeo,
285 2438 386 2477 artis
405 2437 544 2491 apium
565 2435 888 2477 recreandarum
911 2437 1144 2482 inventore,
1162 2434 1301 2474 fabula
1322 2449 1416 2475 cum
1438 2442 1526 2477 toto
1556 2451 1626 2477 ar-

142 2515 339 2562 gumento
371 2507 678 2552 itarconiuncta
708 2513 796 2555 est,
843 2508 944 2561 quin
976 2506 1026 2547 ad
1056 2522 1142 2547 rem
1175 2507 1300 2561 plane
1330 2508 1627 2551 absolvendam

141 2580 223 2622 tarn
255 2584 506 2638 necessaria,
536 2589 583 2624 ut
616 2581 682 2622 vix
705 2596 735 2623 -a
758 2581 905 2637 priore
931 2581 1172 2622 recensione
1200 2581 1341 2623 abesse
1369 2585 1570 2638 potuerit.
1662 2637 1666 2640 .

259 2656 330 2697 His
362 2656 555 2699 omnibus
586 2656 795 2711 perpensis
828 2661 867 2696 et
911 2656 1026 2695 inter.
1046 2669 1090 2695 se
1129 2655 1317 2708 collatis,
1365 2657 1407 2696 id
1436 2663 1624 2711 apparet,

144 2729 265 2790 fuisse
294 2745 393 2771 sane
425 2733 467 2771 in
501 2737 654 2785 quarto
687 2733 835 2785 Georg.
862 2728 1021 2784 aliquid
1055 2730 1108 2770 de
1135 2729 1332 2770 laudibus
1362 2728 1498 2781 Galli,
1534 2744 1626 2771 eas-

144 2816 225 2856 quo
253 2811 344 2858 post
367 2803 477 2844 Galli
511 2803 818 2845 damnationem
850 2792 1195 2851 abolitassuisse,
1226 2802 1294 2842 sed
1328 2800 1547 2843 dimidium
1582 2805 1631 2843 li-

1335 2880 1365 2925 3
