1728 3041
690 113 779 132 ...2
817 92 898 138 *15
972 115 1037 139 -,-

126 225 514 283 αγορεύονται
568 225 675 279 ’μὲν
711 220 1027 266 ,Οὕένετοι
1060 252 1073 276 ,
1130 224 1249 272 τοῖς
1303 220 1403 273 μὲν
1453 217 1614 263 ἔθεσι

124 298 319 356 βραχὺ
360 297 762 356 διαφέροντες
791 294 1056 347 Κελτῶν,
1095 291 1314 350 γλώττῃ
1349 293 1390 334 δ’
1418 292 1613 352 ἅλλοίᾳ

125 359 413 430 χρώμενρι
457 372 524 428 (cs.
554 372 680 412 etiam
711 370 848 412 strab.
881 368 905 411 Ι.
938 368 997 421 1.).
1054 369 1192 411 Porro
1238 367 1371 410 verbo
1400 380 1618 409 casnar

126 447 296 502 praeter
336 430 642 487 Galios'Osci
672 449 840 502 quoque
869 443 932 485 usi
961 449 1058 484 sunt
1092 443 1159 496 (de
1185 457 1267 500 qua
1300 456 1346 484 re
1376 454 1418 487 v.
1447 440 1618 483 Festum

128 527 171 561 et
200 519 440 561 Varronem
470 528 518 563 s.'
536 521 615 571 v.),
666 519 746 559 alia
777 516 948 574 quidem
977 516 1307 572 significatione,
1350 515 1508 557 scilicet
1538 527 1619 556 se-

126 591 212 632 nis
237 592 296 642 ⁸)·‚‘
334 591 444 631 inter
473 603 611 631 senem
641 597 783 631 autem
811 596 853 630 et
882 595 1172 630 assectatorem
1201 586 1374 629 affinitas
1411 588 1618 643 quaedam

127 669 187 704 est
222 661 562 718 significationis,
592 668 772 717 uterque
818 661 929 702 enim
961 659 1175 702 debititate
1214 660 1410 711 laborat,
1452 674 1535 717 ope
1574 666 1620 703 et

126 732 279 776 auxilio
306 725 442 776 alieno
466 741 573 791 eget,
607 747 744 790 neque
771 734 853 774 suis
881 740 959 774 stat
985 732 1171 788 pedibus.
1231 734 1342 775 Osca
1371 733 1511 790 lingua
1542 748 1620 776 au-

125 815 211 850 tem
252 807 463 860 Celticae,
522 816 702 863 utraque
744 806 918 847 Latinae
960 804 1092 860 affinis
1145 814 1234 848 erat
1248 807 1303 858 9);
1356 820 1441 862 quo
1488 807 1620 864 igitur

126 881 255 922 verbo
284 881 510 923 utebantur
542 881 664 930 Osci,
694 879 864 931 eodem,
896 879 1089 935 quamvis
1118 880 1414 935 significatione
1447 880 1619 937 paullu-

128 952 213 994 lnm
245 953 461 1011 immutata
483 982 496 1001 ,
546 952 655 992 Galli
683 966 848 1007 quoque
866 983 879 1004 ,
918 952 1052 992 minus
1087 951 1264 1003 Veneti,
1314 952 1376 992 nti
1407 958 1617 1007 poterant.

127 1025 270 1077 Qnum
301 1025 428 1080 igitur
455 1022 764 1076 Quinctiiianus
797 1024 926 1077 dicat,
960 1023 1128 1064 Gallum
1152 1024 1234 1064 hoc
1264 1023 1438 1066 verbum
1468 1040 1492 1067 e
1513 1025 1617 1067 Gal-

128 1095 186 1138 lia
216 1096 399 1147 duxisse,
429 1095 627 1136 Celticam
660 1093 892 1146 intellexit,
922 1094 989 1135 vel
1017 1101 1128 1135 certe
1164 1109 1283 1147 eam,
1335 1110 1441 1150 quae
1479 1097 1620 1153 lingua

125 1171 285 1212 Celtica
317 1171 549 1223 utebatur3
583 1177 644 1210 est
673 1169 777 1210 haec
816 1184 915 1210 vero
947 1168 1025 1210 hac
1054 1171 1095 1210 in
1132 1185 1180 1210 re
1219 1171 1616 1223 Narbonensis,

127 1256 301 1298 eamque
330 1226 506 1298 patriam
539 1241 650 1282 Galli
680 1255 792 1293 esse,
825 1241 906 1281 hoc
936 1240 1028 1281 loco
1058 1243 1261 1296 arguitur.
1320 1244 1424 1284 Nam
1454 1241 1615 1293 Gallum
1676 1249 1679 1250 ⁷

127 1317 161 1360 si
196 1319 236 1358 in
270 1324 384 1357 terra
414 1316 673 1356 Venetorum
712 1321 835 1355 natus
866 1322 1002 1372 esset,
1047 1316 1114 1355 vix
1163 1316 1365 1370 potuisset
1393 1318 1453 1358 nti
1485 1316 1617 1359 verbo

128 1389 287 1430 Celtico
307 1418 319 1440 ,
351 1387 536 1443 vulgaris
566 1394 607 1427 et
635 1386 777 1427 rustici
807 1387 1012 1427 sermonis
1052 1386 1179 1440 (unde
1206 1388 1318 1428 enim
1347 1388 1617 1444 didicissem),

128 1462 251 1504 facile
279 1462 312 1502 si
344 1463 388 1501 in
420 1460 556 1502 Gallia
586 1459 877 1513 Narbonensi,
929 1474 1026 1501 nam
1055 1467 1146 1501 tum
1177 1460 1259 1502 iam
1287 1476 1383 1503 cum
1414 1462 1521 1506 lacte
1541 1477 1621 1504 nu-

129 1537 247 1579 tricis
276 1537 317 1577 id
348 1536 527 1578 suxerat.

247 1610 306 1649 Ita
334 1608 474 1649 omnia
504 1612 764 1648 concurrunt
804 1606 855 1647 ad
886 1620 979 1647 eam
1020 1607 1265 1648 sententiam
1315 1607 1623 1661 stabiliendam,

133 1696 259 1738 quam
288 1682 521 1723 Vossius
551 1695 735 1735 quoque,
765 1679 1105 1732 souchams,
1136 1680 1455 1733 Bekkerus,
1488 1682 1621 1723 Mat-

129 1754 373 1795 thiaeus
417 1760 678 1808 sequuntur,
729 1752 851 1793 nuliis
891 1759 1031 1793 tamen
1061 1753 1320 1808 argumentis
1364 1752 1525 1808 allatis,
1572 1754 1620 1799 C.

132 1825 465 1867 Cornelium
489 1824 706 1866 Gallum
738 1832 923 1866 natum
953 1838 1070 1866 esse
1098 1825 1227 1866 Fori
1263 1826 1400 1867 Iulii
1433 1826 1623 1868 inGal-

130 1898 207 1940 lia
240 1897 611 1954 Narbonensi.

203 2073 241 2120 8)
265 2073 320 2107 Ita
345 2083 503 2119 persona
527 2071 707 2119 quaedam
736 2071 776 2106 in
800 2071 897 2105 ludis
921 2070 1102 2110 Atellanis
1127 2082 1327 2115 casuar,
1367 2072 1443 2108 sive
1469 2085 1619 2110 senex

275 2130 447 2170 casnar
481 2135 735 2183 (Bestevader)
761 2135 966 2170 dicebatur.

201 2200 240 2246 9)
267 2199 323 2237 Cf.
353 2200 569 2234 Grotefend.
593 2206 779 2246 grammat.
806 2201 870 2235 lat.
882 2201 915 2236 2.
944 2199 1072 2248 §.194.
1095 2200 1395 2236 Schmitthenner
1418 2202 1622 2250 Ursprach-

275 2262 379 2299 lehre
403 2275 440 2311 p.
458 2262 505 2299 35
531 2258 612 2312 sqq'.
648 2265 749 2299 Dorn
775 2262 898 2299 Ueber
921 2264 981 2298 die
1009 2264 1324 2299 Verwandtschast
1349 2266 1412 2301 des
1437 2267 1619 2302 Persisch-

275 2327 566 2363 Germanischen
604 2328 681 2362 und
716 2327 1050 2363 Griechisch-Lat.
1081 2328 1390 2375 Sprachstammes
1419 2343 1455 2377 p.
1480 2331 1540 2367 88.
1569 2352 1619 2360 —

276 2393 411 2427 Contra
425 2392 574 2439 quidem
595 2398 651 2428 est
672 2393 833 2428 virorum
856 2404 1010 2440 magnae
1028 2394 1256 2429 auctoritatis
1280 2394 1469 2439 iudicium,
1492 2408 1619 2433 verum

276 2456 389 2490 fuisse
418 2456 579 2501 aliquam
611 2457 802 2503 utriusque
827 2458 977 2501 linguae
1003 2457 1270 2501 cognationem,
1300 2463 1338 2492 et
1364 2460 1481 2494 multa
1507 2463 1620 2496 verba

274 2520 427 2558 Latinae
462 2519 610 2564 linguae
641 2529 661 2552 e
688 2518 827 2552 Celtica
855 2518 1054 2564 repetenda
1078 2530 1183 2561 esse,
1221 2523 1347 2566 negari
1382 2535 1459 2559 non
1483 2531 1616 2571 potest.

274 2584 373 2617 ssaec
402 2583 512 2617 verba
539 2587 659 2616 autem
690 2592 709 2615 e
738 2582 861 2627 lingua
889 2582 1114 2625 Siculorum,
1154 2584 1219 2630 qui
1246 2596 1329 2619 cum
1358 2586 1459 2622 Oscis
1489 2594 1526 2623 et
1550 2590 1616 2623 Pe-

273 2646 383 2691 lasgis
413 2647 451 2680 in
481 2658 592 2681 unum
618 2645 795 2693 populum
820 2646 1031 2680 Latinorum
1058 2647 1301 2691 coaluerunt,
1336 2651 1508 2697 originem
1539 2662 1615 2688 tra-

273 2712 368 2744 xisse
394 2709 578 2747 videntur.
620 2711 674 2745 Cf.
703 2710 879 2746 Niebuhr.
895 2712 1076 2747 Romisch.
1094 2713 1225 2749 Gesch.
1254 2715 1285 2757 1,
1310 2726 1345 2761 p.
1365 2716 1528 2763 31-325
1550 2719 1614 2764 763

275 2774 342 2819 773
365 2772 532 2817 87-893
561 2772 629 2817 923
657 2773 737 2810 116.
