<?xml version="1.0" encoding="UTF-8"?>
<!DOCTYPE html PUBLIC "-//W3C//DTD XHTML 1.0 Transitional//EN"
    "http://www.w3.org/TR/xhtml1/DTD/xhtml1-transitional.dtd">
<html xmlns="http://www.w3.org/1999/xhtml" xml:lang="en" lang="en">
 <head>
  <title>
</title>
<meta http-equiv="Content-Type" content="text/html;charset=utf-8" />
  <meta name='ocr-system' content='tesseract 3.04.00' />
  <meta name='ocr-capabilities' content='ocr_page ocr_carea ocr_par ocr_line ocrx_word'/>
</head>
<body>
  <div class='ocr_page' id='page_1' title='image "4737208_0058.png"; bbox 0 0 1728 3041; ppageno 0'>
   <div class='ocr_carea' id='block_1_1' title="bbox 0 0 446 506">
    <p class='ocr_par' dir='ltr' id='par_1_1' title="bbox 0 0 446 506">
     <span class='ocr_line' id='line_1_1' title="bbox 0 0 446 506; baseline 0 2535"><span class='ocrx_word' id='word_1_1' title='bbox 0 0 446 506; x_wconf 95' lang='lat' dir='ltr'><strong> </strong></span> 
     </span>
    </p>
   </div>
   <div class='ocr_carea' id='block_1_2' title="bbox 674 554 1070 645">
    <p class='ocr_par' dir='ltr' id='par_1_2' title="bbox 674 554 1070 645">
     <span class='ocr_line' id='line_1_2' title="bbox 674 554 1070 645; baseline 0.005 -2"><span class='ocrx_word' id='word_1_2' title='bbox 674 554 1070 645; x_wconf 78' lang='lat' dir='ltr'><strong>vita.</strong></span> 
     </span>
    </p>
   </div>
   <div class='ocr_carea' id='block_1_3' title="bbox 135 987 1628 2877">
    <p class='ocr_par' dir='ltr' id='par_1_3' title="bbox 135 987 1628 2877">
     <span class='ocr_line' id='line_1_3' title="bbox 258 987 1625 1050; baseline -0.006 -13"><span class='ocrx_word' id='word_1_3' title='bbox 258 997 350 1050; x_wconf 83' lang='lat' dir='ltr'><strong>Ego</strong></span> <span class='ocrx_word' id='word_1_4' title='bbox 390 992 639 1035; x_wconf 84' lang='lat' dir='ltr'><strong>Carolus</strong></span> <span class='ocrx_word' id='word_1_5' title='bbox 670 991 1055 1034; x_wconf 83' lang='lat' dir='ltr'><strong>Christianus</strong></span> <span class='ocrx_word' id='word_1_6' title='bbox 1083 989 1379 1031; x_wconf 89' lang='lat' dir='ltr'><strong>Conradus</strong></span> <span class='ocrx_word' id='word_1_7' title='bbox 1408 987 1625 1031; x_wconf 63' lang='lat' dir='ltr'><strong>valker</strong></span> 
     </span>
     <span class='ocr_line' id='line_1_4' title="bbox 142 1061 1628 1124; baseline -0.005 -14"><span class='ocrx_word' id='word_1_8' title='bbox 142 1076 264 1110; x_wconf 87' lang='lat' dir='ltr'><strong>natus</strong></span> <span class='ocrx_word' id='word_1_9' title='bbox 293 1083 384 1110; x_wconf 88' lang='lat' dir='ltr'><strong>sum</strong></span> <span class='ocrx_word' id='word_1_10' title='bbox 412 1081 555 1124; x_wconf 13' lang='lat' dir='ltr'><strong>prope*</strong></span> <span class='ocrx_word' id='word_1_11' title='bbox 578 1066 812 1106; x_wconf 87' lang='lat' dir='ltr'><strong>Cliviam</strong></span> <span class='ocrx_word' id='word_1_12' title='bbox 843 1079 954 1105; x_wconf 83' lang='lat' dir='ltr'><strong>anno</strong></span> <span class='ocrx_word' id='word_1_13' title='bbox 981 1064 1105 1104; x_wconf 88' lang='lat' dir='ltr'><strong>huius</strong></span> <span class='ocrx_word' id='word_1_14' title='bbox 1129 1062 1284 1120; x_wconf 0' lang='lat' dir='ltr'><strong>,saeculi</strong></span> <span class='ocrx_word' id='word_1_15' title='bbox 1312 1062 1474 1104; x_wconf 86' lang='lat' dir='ltr'><strong>decimo</strong></span> <span class='ocrx_word' id='word_1_16' title='bbox 1500 1061 1628 1118; x_wconf 81' lang='lat' dir='ltr'><strong>septi-</strong></span> 
     </span>
     <span class='ocr_line' id='line_1_5' title="bbox 139 1136 1625 1191; baseline -0.005 -8"><span class='ocrx_word' id='word_1_17' title='bbox 139 1156 209 1183; x_wconf 87' lang='lat' dir='ltr'><strong>mo</strong></span> <span class='ocrx_word' id='word_1_18' title='bbox 240 1141 307 1182; x_wconf 83' lang='lat' dir='ltr'><strong>die</strong></span> <span class='ocrx_word' id='word_1_19' title='bbox 336 1142 527 1182; x_wconf 78' lang='lat' dir='ltr'><strong>vicesimo</strong></span> <span class='ocrx_word' id='word_1_20' title='bbox 557 1146 669 1180; x_wconf 88' lang='lat' dir='ltr'><strong>sexto</strong></span> <span class='ocrx_word' id='word_1_21' title='bbox 695 1139 846 1178; x_wconf 81' lang='lat' dir='ltr'>mensis</span> <span class='ocrx_word' id='word_1_22' title='bbox 874 1136 1097 1178; x_wconf 82' lang='lat' dir='ltr'><strong>Februarii</strong></span> <span class='ocrx_word' id='word_1_23' title='bbox 1115 1166 1128 1188; x_wconf 89' lang='lat'>‚</span> <span class='ocrx_word' id='word_1_24' title='bbox 1166 1137 1416 1191; x_wconf 87' lang='lat' dir='ltr'><strong>parentibus</strong></span> <span class='ocrx_word' id='word_1_25' title='bbox 1455 1136 1625 1176; x_wconf 81' lang='lat' dir='ltr'><strong>Fran-</strong></span> 
     </span>
     <span class='ocr_line' id='line_1_6' title="bbox 141 1207 1624 1268; baseline -0.005 -13"><span class='ocrx_word' id='word_1_26' title='bbox 141 1216 295 1255; x_wconf 88' lang='lat' dir='ltr'><strong>cisco</strong></span> <span class='ocrx_word' id='word_1_27' title='bbox 323 1211 596 1254; x_wconf 72' lang='lat' dir='ltr'><strong>Michaele</strong></span> <span class='ocrx_word' id='word_1_28' title='bbox 624 1217 666 1252; x_wconf 89' lang='lat' dir='ltr'><strong>et</strong></span> <span class='ocrx_word' id='word_1_29' title='bbox 703 1210 1017 1250; x_wconf 87' lang='lat' dir='ltr'><strong>Cathariua</strong></span> <span class='ocrx_word' id='word_1_30' title='bbox 1056 1210 1313 1268; x_wconf 84' lang='lat' dir='ltr'><strong>Susanna</strong></span> <span class='ocrx_word' id='word_1_31' title='bbox 1360 1207 1624 1249; x_wconf 88' lang='lat' dir='ltr'><strong>Arnoldi-</strong></span> 
     </span>
     <span class='ocr_line' id='line_1_7' title="bbox 142 1283 1624 1340; baseline -0.003 -14"><span class='ocrx_word' id='word_1_32' title='bbox 142 1302 167 1327; x_wconf 93' lang='lat' dir='ltr'><strong>n</strong></span> <span class='ocrx_word' id='word_1_33' title='bbox 184 1302 206 1326; x_wconf 88' lang='lat' dir='ltr'><strong>a</strong></span> <span class='ocrx_word' id='word_1_34' title='bbox 235 1301 257 1326; x_wconf 93' lang='lat' dir='ltr'><strong>e</strong></span> <span class='ocrx_word' id='word_1_35' title='bbox 291 1292 414 1340; x_wconf 84' lang='lat' dir='ltr'><strong>geute</strong></span> <span class='ocrx_word' id='word_1_36' title='bbox 444 1284 469 1325; x_wconf 91' lang='lat' dir='ltr'><strong>d</strong></span> <span class='ocrx_word' id='word_1_37' title='bbox 486 1299 508 1325; x_wconf 90' lang='lat' dir='ltr'><strong>e</strong></span> <span class='ocrx_word' id='word_1_38' title='bbox 532 1285 642 1326; x_wconf 84' lang='lat' dir='ltr'><strong>Ren</strong></span> <span class='ocrx_word' id='word_1_39' title='bbox 659 1298 785 1338; x_wconf 85' lang='lat' dir='ltr'><strong>esse,</strong></span> <span class='ocrx_word' id='word_1_40' title='bbox 814 1297 918 1338; x_wconf 90' lang='lat' dir='ltr'><strong>quos</strong></span> <span class='ocrx_word' id='word_1_41' title='bbox 933 1289 1123 1338; x_wconf 89' lang='lat' dir='ltr'><strong>parentes</strong></span> <span class='ocrx_word' id='word_1_42' title='bbox 1155 1283 1395 1323; x_wconf 87' lang='lat' dir='ltr'><strong>carissimos</strong></span> <span class='ocrx_word' id='word_1_43' title='bbox 1423 1284 1624 1337; x_wconf 86' lang='lat' dir='ltr'><strong>supersti-</strong></span> 
     </span>
     <span class='ocr_line' id='line_1_8' title="bbox 139 1354 1628 1412; baseline -0.003 -12"><span class='ocrx_word' id='word_1_44' title='bbox 139 1367 201 1400; x_wconf 86' lang='lat' dir='ltr'><strong>tes</strong></span> <span class='ocrx_word' id='word_1_45' title='bbox 233 1358 370 1399; x_wconf 85' lang='lat' dir='ltr'><strong>adhuc</strong></span> <span class='ocrx_word' id='word_1_46' title='bbox 399 1371 597 1407; x_wconf 83' lang='lat' dir='ltr'><strong>veneror.</strong></span> <span class='ocrx_word' id='word_1_47' title='bbox 673 1358 718 1397; x_wconf 93' lang='lat' dir='ltr'><strong>In</strong></span> <span class='ocrx_word' id='word_1_48' title='bbox 753 1356 902 1412; x_wconf 85' lang='lat' dir='ltr'><strong>primis</strong></span> <span class='ocrx_word' id='word_1_49' title='bbox 932 1356 1141 1411; x_wconf 79' lang='lat' dir='ltr'><strong>literarum</strong></span> <span class='ocrx_word' id='word_1_50' title='bbox 1172 1354 1382 1396; x_wconf 84' lang='lat' dir='ltr'><strong>elementis</strong></span> <span class='ocrx_word' id='word_1_51' title='bbox 1412 1355 1628 1396; x_wconf 84' lang='lat' dir='ltr'><strong>institutus</strong></span> 
     </span>
     <span class='ocr_line' id='line_1_9' title="bbox 139 1429 1627 1491; baseline -0.003 -18"><span class='ocrx_word' id='word_1_52' title='bbox 139 1447 162 1474; x_wconf 88' lang='lat' dir='ltr'><strong>a</strong></span> <span class='ocrx_word' id='word_1_53' title='bbox 193 1432 311 1491; x_wconf 75' lang='lat' dir='ltr'><strong>patre</strong></span> <span class='ocrx_word' id='word_1_54' title='bbox 340 1432 499 1487; x_wconf 88' lang='lat' dir='ltr'><strong>optimo</strong></span> <span class='ocrx_word' id='word_1_55' title='bbox 528 1444 620 1471; x_wconf 82' lang='lat' dir='ltr'><strong>mox</strong></span> <span class='ocrx_word' id='word_1_56' title='bbox 649 1430 731 1471; x_wconf 89' lang='lat' dir='ltr'><strong>adii</strong></span> <span class='ocrx_word' id='word_1_57' title='bbox 761 1429 945 1471; x_wconf 86' lang='lat' dir='ltr'><strong>scholam</strong></span> <span class='ocrx_word' id='word_1_58' title='bbox 977 1429 1092 1470; x_wconf 90' lang='lat' dir='ltr'><strong>urbis</strong></span> <span class='ocrx_word' id='word_1_59' title='bbox 1119 1431 1278 1484; x_wconf 80' lang='lat' dir='ltr'><strong>patriae</strong></span> <span class='ocrx_word' id='word_1_60' title='bbox 1307 1429 1532 1483; x_wconf 78' lang='lat' dir='ltr'><strong>trivialem,</strong></span> <span class='ocrx_word' id='word_1_61' title='bbox 1562 1430 1627 1469; x_wconf 87' lang='lat' dir='ltr'><strong>in-</strong></span> 
     </span>
     <span class='ocr_line' id='line_1_10' title="bbox 139 1497 1627 1561; baseline -0.003 -14"><span class='ocrx_word' id='word_1_62' title='bbox 139 1506 274 1561; x_wconf 85' lang='lat' dir='ltr'><strong>deque</strong></span> <span class='ocrx_word' id='word_1_63' title='bbox 303 1505 356 1545; x_wconf 84' lang='lat' dir='ltr'><strong>ad</strong></span> <span class='ocrx_word' id='word_1_64' title='bbox 385 1497 530 1545; x_wconf 79' lang='lat' dir='ltr'><strong>altiora</strong></span> <span class='ocrx_word' id='word_1_65' title='bbox 562 1503 696 1544; x_wconf 88' lang='lat' dir='ltr'><strong>studia</strong></span> <span class='ocrx_word' id='word_1_66' title='bbox 724 1502 972 1558; x_wconf 86' lang='lat' dir='ltr'><strong>capessenda</strong></span> <span class='ocrx_word' id='word_1_67' title='bbox 1007 1503 1047 1542; x_wconf 89' lang='lat' dir='ltr'><strong>in</strong></span> <span class='ocrx_word' id='word_1_68' title='bbox 1076 1502 1353 1558; x_wconf 83' lang='lat' dir='ltr'><strong>gymnasium,</strong></span> <span class='ocrx_word' id='word_1_69' title='bbox 1381 1501 1493 1557; x_wconf 87' lang='lat' dir='ltr'><strong>quod</strong></span> <span class='ocrx_word' id='word_1_70' title='bbox 1524 1509 1627 1542; x_wconf 80' lang='lat' dir='ltr'><strong>tuuc</strong></span> 
     </span>
     <span class='ocr_line' id='line_1_11' title="bbox 140 1575 1628 1634; baseline -0.003 -15"><span class='ocrx_word' id='word_1_71' title='bbox 140 1580 176 1619; x_wconf 86' lang='grc' dir='ltr'><strong>Ν</strong></span> <span class='ocrx_word' id='word_1_72' title='bbox 192 1593 214 1619; x_wconf 91' lang='lat' dir='ltr'><strong>a</strong></span> <span class='ocrx_word' id='word_1_73' title='bbox 230 1576 383 1634; x_wconf 84' lang='lat' dir='ltr'><strong>gelio‚</strong></span> <span class='ocrx_word' id='word_1_74' title='bbox 414 1578 505 1618; x_wconf 68' lang='lat' dir='ltr'><strong>&#39;viro</strong></span> <span class='ocrx_word' id='word_1_75' title='bbox 522 1575 892 1632; x_wconf 84' lang='lat' dir='ltr'><strong>praestantissimo,</strong></span> <span class='ocrx_word' id='word_1_76' title='bbox 921 1575 1061 1630; x_wconf 88' lang='lat' dir='ltr'><strong>paullo</strong></span> <span class='ocrx_word' id='word_1_77' title='bbox 1087 1583 1177 1630; x_wconf 86' lang='lat' dir='ltr'><strong>post</strong></span> <span class='ocrx_word' id='word_1_78' title='bbox 1197 1582 1468 1630; x_wconf 85' lang='lat' dir='ltr'><strong>praematura</strong></span> <span class='ocrx_word' id='word_1_79' title='bbox 1492 1582 1628 1615; x_wconf 86' lang='lat' dir='ltr'><strong>morte</strong></span> 
     </span>
     <span class='ocr_line' id='line_1_12' title="bbox 140 1647 1625 1705; baseline -0.003 -13"><span class='ocrx_word' id='word_1_80' title='bbox 140 1652 258 1692; x_wconf 88' lang='lat' dir='ltr'><strong>nobis</strong></span> <span class='ocrx_word' id='word_1_81' title='bbox 288 1658 459 1705; x_wconf 88' lang='lat' dir='ltr'><strong>erepto,</strong></span> <span class='ocrx_word' id='word_1_82' title='bbox 506 1649 733 1705; x_wconf 82' lang='lat' dir='ltr'><strong>dirigente,</strong></span> <span class='ocrx_word' id='word_1_83' title='bbox 777 1648 935 1691; x_wconf 86' lang='lat' dir='ltr'><strong>Cliviae</strong></span> <span class='ocrx_word' id='word_1_84' title='bbox 968 1647 1168 1701; x_wconf 86' lang='lat' dir='ltr'><strong>florebat,</strong></span> <span class='ocrx_word' id='word_1_85' title='bbox 1209 1656 1486 1705; x_wconf 79' lang='lat' dir='ltr'><strong>transgressus</strong></span> <span class='ocrx_word' id='word_1_86' title='bbox 1518 1663 1625 1691; x_wconf 85' lang='lat' dir='ltr'><strong>sum.</strong></span> 
     </span>
     <span class='ocr_line' id='line_1_13' title="bbox 139 1721 1625 1778; baseline -0.002 -14"><span class='ocrx_word' id='word_1_87' title='bbox 139 1724 289 1765; x_wconf 87' lang='lat' dir='ltr'><strong>Studio</strong></span> <span class='ocrx_word' id='word_1_88' title='bbox 317 1722 549 1778; x_wconf 82' lang='lat' dir='ltr'><strong>theologiae</strong></span> <span class='ocrx_word' id='word_1_89' title='bbox 578 1722 837 1778; x_wconf 84' lang='lat' dir='ltr'><strong>evangelicae</strong></span> <span class='ocrx_word' id='word_1_90' title='bbox 869 1721 1097 1762; x_wconf 81' lang='lat' dir='ltr'><strong>destinatus</strong></span> <span class='ocrx_word' id='word_1_91' title='bbox 1126 1735 1252 1776; x_wconf 83' lang='lat' dir='ltr'><strong>eram,</strong></span> <span class='ocrx_word' id='word_1_92' title='bbox 1281 1721 1350 1763; x_wconf 87' lang='lat' dir='ltr'><strong>sed</strong></span> <span class='ocrx_word' id='word_1_93' title='bbox 1373 1736 1503 1777; x_wconf 89' lang='lat' dir='ltr'><strong>quum</strong></span> <span class='ocrx_word' id='word_1_94' title='bbox 1533 1735 1625 1761; x_wconf 85' lang='lat' dir='ltr'><strong>mox</strong></span> 
     </span>
     <span class='ocr_line' id='line_1_14' title="bbox 139 1786 1626 1852; baseline -0.002 -15"><span class='ocrx_word' id='word_1_95' title='bbox 139 1797 204 1837; x_wconf 87' lang='lat' dir='ltr'>R</span> <span class='ocrx_word' id='word_1_96' title='bbox 192 1811 248 1852; x_wconf 81' lang='lat'><strong>15</strong></span> <span class='ocrx_word' id='word_1_97' title='bbox 257 1786 386 1847; x_wconf 81' lang='lat' dir='ltr'><strong>lero,</strong></span> <span class='ocrx_word' id='word_1_98' title='bbox 412 1810 525 1837; x_wconf 89' lang='lat' dir='ltr'><strong>nunc</strong></span> <span class='ocrx_word' id='word_1_99' title='bbox 556 1796 629 1836; x_wconf 93' lang='lat' dir='ltr'><strong>Po</strong></span> <span class='ocrx_word' id='word_1_100' title='bbox 646 1809 663 1835; x_wconf 93' lang='lat' dir='ltr'><strong>s</strong></span> <span class='ocrx_word' id='word_1_101' title='bbox 681 1801 733 1836; x_wconf 86' lang='lat' dir='ltr'><strong>ta</strong></span> <span class='ocrx_word' id='word_1_102' title='bbox 751 1795 950 1836; x_wconf 88' lang='lat' dir='ltr'><strong>mensis</strong></span> <span class='ocrx_word' id='word_1_103' title='bbox 982 1795 1183 1850; x_wconf 84' lang='lat' dir='ltr'><strong>gymnasii</strong></span> <span class='ocrx_word' id='word_1_104' title='bbox 1205 1795 1422 1846; x_wconf 84' lang='lat' dir='ltr'><strong>directore,</strong></span> <span class='ocrx_word' id='word_1_105' title='bbox 1450 1801 1493 1835; x_wconf 88' lang='lat' dir='ltr'><strong>et</strong></span> <span class='ocrx_word' id='word_1_106' title='bbox 1525 1795 1561 1834; x_wconf 82' lang='lat' dir='ltr'><strong>A</strong></span> <span class='ocrx_word' id='word_1_107' title='bbox 1580 1809 1626 1834; x_wconf 78' lang='lat' dir='ltr'><strong>x·</strong></span> 
     </span>
     <span class='ocr_line' id='line_1_15' title="bbox 139 1867 1623 1924; baseline -0.002 -15"><span class='ocrx_word' id='word_1_108' title='bbox 139 1871 246 1919; x_wconf 86' lang='lat' dir='ltr'><strong>tio,</strong></span> <span class='ocrx_word' id='word_1_109' title='bbox 279 1868 352 1924; x_wconf 86' lang='lat' dir='ltr'><strong>qui</strong></span> <span class='ocrx_word' id='word_1_110' title='bbox 384 1883 495 1908; x_wconf 86' lang='lat' dir='ltr'><strong>nunc</strong></span> <span class='ocrx_word' id='word_1_111' title='bbox 514 1869 717 1922; x_wconf 82' lang='lat' dir='ltr'><strong>gymnasii</strong></span> <span class='ocrx_word' id='word_1_112' title='bbox 748 1867 1196 1924; x_wconf 84' lang='lat' dir='ltr'><strong>Wetzlariensis</strong></span> <span class='ocrx_word' id='word_1_113' title='bbox 1226 1867 1386 1923; x_wconf 83' lang='lat' dir='ltr'><strong>collega</strong></span> <span class='ocrx_word' id='word_1_114' title='bbox 1416 1875 1502 1919; x_wconf 84' lang='lat' dir='ltr'><strong>est,</strong></span> <span class='ocrx_word' id='word_1_115' title='bbox 1533 1874 1623 1907; x_wconf 88' lang='lat' dir='ltr'><strong>stu-</strong></span> 
     </span>
     <span class='ocr_line' id='line_1_16' title="bbox 138 1939 1623 1996; baseline 0.001 -16"><span class='ocrx_word' id='word_1_116' title='bbox 138 1941 207 1981; x_wconf 85' lang='lat' dir='ltr'><strong>dia</strong></span> <span class='ocrx_word' id='word_1_117' title='bbox 235 1948 374 1981; x_wconf 79' lang='lat' dir='ltr'><strong>nostra</strong></span> <span class='ocrx_word' id='word_1_118' title='bbox 409 1940 646 1995; x_wconf 87' lang='lat' dir='ltr'><strong>regentibus</strong></span> <span class='ocrx_word' id='word_1_119' title='bbox 663 1971 676 1992; x_wconf 88' lang='lat'><strong>,</strong></span> <span class='ocrx_word' id='word_1_120' title='bbox 720 1939 771 1980; x_wconf 86' lang='lat' dir='ltr'><strong>ad</strong></span> <span class='ocrx_word' id='word_1_121' title='bbox 812 1940 1016 1981; x_wconf 86' lang='lat' dir='ltr'><strong>interiora</strong></span> <span class='ocrx_word' id='word_1_122' title='bbox 1064 1940 1344 1981; x_wconf 87' lang='lat' dir='ltr'><strong>humanarum</strong></span> <span class='ocrx_word' id='word_1_123' title='bbox 1387 1939 1623 1996; x_wconf 84' lang='lat' dir='ltr'><strong>disciplina·</strong></span> 
     </span>
     <span class='ocr_line' id='line_1_17' title="bbox 139 2001 1625 2069; baseline -0.001 -14"><span class='ocrx_word' id='word_1_124' title='bbox 139 2028 236 2055; x_wconf 90' lang='lat' dir='ltr'><strong>rum</strong></span> <span class='ocrx_word' id='word_1_125' title='bbox 264 2001 384 2054; x_wconf 84' lang='lat' dir='ltr'><strong>sacra</strong></span> <span class='ocrx_word' id='word_1_126' title='bbox 417 2013 619 2061; x_wconf 85' lang='lat' dir='ltr'><strong>admissus</strong></span> <span class='ocrx_word' id='word_1_127' title='bbox 649 2026 809 2066; x_wconf 87' lang='lat' dir='ltr'><strong>essem,</strong></span> <span class='ocrx_word' id='word_1_128' title='bbox 839 2020 956 2053; x_wconf 83' lang='lat' dir='ltr'><strong>tanto</strong></span> <span class='ocrx_word' id='word_1_129' title='bbox 988 2028 1132 2054; x_wconf 83' lang='lat' dir='ltr'><strong>amore</strong></span> <span class='ocrx_word' id='word_1_130' title='bbox 1162 2012 1353 2069; x_wconf 15' lang='lat' dir='ltr'><strong>illaelme</strong></span> <span class='ocrx_word' id='word_1_131' title='bbox 1386 2012 1625 2066; x_wconf 80' lang='lat' dir='ltr'><strong>allexerunt,</strong></span> 
     </span>
     <span class='ocr_line' id='line_1_18' title="bbox 138 2079 1626 2142; baseline 0.003 -17"><span class='ocrx_word' id='word_1_132' title='bbox 138 2082 425 2140; x_wconf 72' lang='lat' dir='ltr'><strong>abripuerunt,</strong></span> <span class='ocrx_word' id='word_1_133' title='bbox 455 2079 754 2139; x_wconf 85' lang='lat' dir='ltr'><strong>detinuerunt,</strong></span> <span class='ocrx_word' id='word_1_134' title='bbox 783 2092 828 2127; x_wconf 89' lang='lat' dir='ltr'><strong>ut</strong></span> <span class='ocrx_word' id='word_1_135' title='bbox 861 2086 982 2142; x_wconf 85' lang='lat' dir='ltr'><strong>plane</strong></span> <span class='ocrx_word' id='word_1_136' title='bbox 1003 2100 1070 2127; x_wconf 90' lang='lat' dir='ltr'><strong>me</strong></span> <span class='ocrx_word' id='word_1_137' title='bbox 1098 2087 1147 2127; x_wconf 89' lang='lat' dir='ltr'><strong>iis</strong></span> <span class='ocrx_word' id='word_1_138' title='bbox 1167 2085 1360 2128; x_wconf 85' lang='lat' dir='ltr'><strong>addicere</strong></span> <span class='ocrx_word' id='word_1_139' title='bbox 1387 2093 1626 2132; x_wconf 81' lang='lat' dir='ltr'><strong>statuerem.</strong></span> 
     </span>
     <span class='ocr_line' id='line_1_19' title="bbox 137 2158 1623 2215; baseline 0.001 -16"><span class='ocrx_word' id='word_1_140' title='bbox 137 2158 395 2200; x_wconf 83' lang='lat' dir='ltr'><strong>Maturitatis</strong></span> <span class='ocrx_word' id='word_1_141' title='bbox 412 2160 537 2213; x_wconf 89' lang='lat' dir='ltr'><strong>igitur</strong></span> <span class='ocrx_word' id='word_1_142' title='bbox 552 2161 791 2201; x_wconf 87' lang='lat' dir='ltr'><strong>testimonio</strong></span> <span class='ocrx_word' id='word_1_143' title='bbox 822 2173 844 2200; x_wconf 89' lang='lat' dir='ltr'><strong>e</strong></span> <span class='ocrx_word' id='word_1_144' title='bbox 875 2159 1102 2215; x_wconf 75' lang='lat' dir='ltr'><strong>severioris¹</strong></span> <span class='ocrx_word' id='word_1_145' title='bbox 1120 2159 1360 2215; x_wconf 86' lang='lat' dir='ltr'><strong>disciplinae</strong></span> <span class='ocrx_word' id='word_1_146' title='bbox 1386 2159 1623 2201; x_wconf 80' lang='lat' dir='ltr'><strong>carceribus</strong></span> 
     </span>
     <span class='ocr_line' id='line_1_20' title="bbox 139 2230 1624 2282; baseline 0.002 -11"><span class='ocrx_word' id='word_1_147' title='bbox 139 2230 343 2282; x_wconf 81' lang='lat' dir='ltr'><strong>dimissus,</strong></span> <span class='ocrx_word' id='word_1_148' title='bbox 376 2245 411 2271; x_wconf 87' lang='lat' dir='ltr'><strong>a.</strong></span> <span class='ocrx_word' id='word_1_149' title='bbox 433 2230 476 2271; x_wconf 85' lang='lat' dir='ltr'><strong>h.</strong></span> <span class='ocrx_word' id='word_1_150' title='bbox 499 2245 530 2278; x_wconf 77' lang='lat' dir='ltr'><strong>s,</strong></span> <span class='ocrx_word' id='word_1_151' title='bbox 547 2232 768 2273; x_wconf 29' lang='lat' dir='ltr'><strong>&#39;tricesimo</strong></span> <span class='ocrx_word' id='word_1_152' title='bbox 793 2240 904 2273; x_wconf 87' lang='lat' dir='ltr'><strong>sexto</strong></span> <span class='ocrx_word' id='word_1_153' title='bbox 926 2232 1033 2272; x_wconf 86' lang='lat' dir='ltr'><strong>hanc</strong></span> <span class='ocrx_word' id='word_1_154' title='bbox 1064 2231 1284 2274; x_wconf 87' lang='lat' dir='ltr'><strong>florentem</strong></span> <span class='ocrx_word' id='word_1_155' title='bbox 1315 2234 1531 2273; x_wconf 77' lang='lat' dir='ltr'><strong>Musarum</strong></span> <span class='ocrx_word' id='word_1_156' title='bbox 1560 2247 1624 2274; x_wconf 89' lang='lat' dir='ltr'><strong>se-</strong></span> 
     </span>
     <span class='ocr_line' id='line_1_21' title="bbox 139 2304 1618 2360; baseline 0.001 -15"><span class='ocrx_word' id='word_1_157' title='bbox 139 2304 234 2345; x_wconf 86' lang='lat' dir='ltr'><strong>dem</strong></span> <span class='ocrx_word' id='word_1_158' title='bbox 254 2305 370 2359; x_wconf 83' lang='lat' dir='ltr'><strong>petii,</strong></span> <span class='ocrx_word' id='word_1_159' title='bbox 402 2311 589 2360; x_wconf 87' lang='lat' dir='ltr'><strong>receptus</strong></span> <span class='ocrx_word' id='word_1_160' title='bbox 612 2305 651 2344; x_wconf 92' lang='lat' dir='ltr'><strong>in</strong></span> <span class='ocrx_word' id='word_1_161' title='bbox 669 2305 824 2346; x_wconf 85' lang='lat' dir='ltr'><strong>civium</strong></span> <span class='ocrx_word' id='word_1_162' title='bbox 850 2319 1071 2345; x_wconf 87' lang='lat' dir='ltr'><strong>numerum</strong></span> <span class='ocrx_word' id='word_1_163' title='bbox 1094 2319 1118 2345; x_wconf 88' lang='lat' dir='ltr'><strong>a</strong></span> <span class='ocrx_word' id='word_1_164' title='bbox 1146 2305 1248 2346; x_wconf 87' lang='lat' dir='ltr'><strong>Wu</strong></span> <span class='ocrx_word' id='word_1_165' title='bbox 1264 2312 1309 2345; x_wconf 86' lang='lat' dir='ltr'><strong>tz</strong></span> <span class='ocrx_word' id='word_1_166' title='bbox 1328 2320 1380 2346; x_wconf 91' lang='lat' dir='ltr'><strong>er</strong></span> <span class='ocrx_word' id='word_1_167' title='bbox 1395 2319 1438 2356; x_wconf 93' lang='lat' dir='ltr'><strong>o,</strong></span> <span class='ocrx_word' id='word_1_168' title='bbox 1468 2305 1519 2346; x_wconf 87' lang='lat' dir='ltr'><strong>V.</strong></span> <span class='ocrx_word' id='word_1_169' title='bbox 1543 2306 1618 2357; x_wconf 70' lang='lat' dir='ltr'><strong>CL,</strong></span> 
     </span>
     <span class='ocr_line' id='line_1_22' title="bbox 139 2377 1623 2434; baseline -0.002 -14"><span class='ocrx_word' id='word_1_170' title='bbox 139 2385 242 2420; x_wconf 88' lang='lat' dir='ltr'><strong>tunc</strong></span> <span class='ocrx_word' id='word_1_171' title='bbox 270 2378 449 2418; x_wconf 86' lang='lat' dir='ltr'><strong>Rectore</strong></span> <span class='ocrx_word' id='word_1_172' title='bbox 482 2378 701 2434; x_wconf 84' lang='lat' dir='ltr'><strong>Magnifico</strong></span> <span class='ocrx_word' id='word_1_173' title='bbox 726 2409 738 2431; x_wconf 93' lang='lat'><strong>‚</strong></span> <span class='ocrx_word' id='word_1_174' title='bbox 784 2377 1129 2434; x_wconf 86' lang='lat' dir='ltr'><strong>philosophorum</strong></span> <span class='ocrx_word' id='word_1_175' title='bbox 1156 2394 1258 2420; x_wconf 88' lang='lat' dir='ltr'><strong>vero</strong></span> <span class='ocrx_word' id='word_1_176' title='bbox 1291 2379 1431 2420; x_wconf 88' lang='lat' dir='ltr'><strong>ordini</strong></span> <span class='ocrx_word' id='word_1_177' title='bbox 1463 2378 1623 2420; x_wconf 81' lang='lat' dir='ltr'><strong>adseri-</strong></span> 
     </span>
     <span class='ocr_line' id='line_1_23' title="bbox 136 2451 1619 2507; baseline 0.001 -16"><span class='ocrx_word' id='word_1_178' title='bbox 136 2459 232 2506; x_wconf 87' lang='lat' dir='ltr'><strong>ptus</strong></span> <span class='ocrx_word' id='word_1_179' title='bbox 259 2465 332 2507; x_wconf 83' lang='lat' dir='ltr'><strong>per</strong></span> <span class='ocrx_word' id='word_1_180' title='bbox 368 2451 509 2491; x_wconf 88' lang='lat' dir='ltr'><strong>Trev</strong></span> <span class='ocrx_word' id='word_1_181' title='bbox 526 2451 608 2491; x_wconf 85' lang='lat' dir='ltr'><strong>ira</strong></span> <span class='ocrx_word' id='word_1_182' title='bbox 625 2466 693 2492; x_wconf 89' lang='lat' dir='ltr'><strong>nu</strong></span> <span class='ocrx_word' id='word_1_183' title='bbox 711 2466 781 2503; x_wconf 88' lang='lat' dir='ltr'><strong>m,</strong></span> <span class='ocrx_word' id='word_1_184' title='bbox 810 2452 863 2493; x_wconf 91' lang='lat' dir='ltr'><strong>V.</strong></span> <span class='ocrx_word' id='word_1_185' title='bbox 895 2452 983 2502; x_wconf 76' lang='lat' dir='ltr'><strong>CL,</strong></span> <span class='ocrx_word' id='word_1_186' title='bbox 1016 2453 1230 2492; x_wconf 87' lang='lat' dir='ltr'><strong>Decanum</strong></span> <span class='ocrx_word' id='word_1_187' title='bbox 1260 2452 1619 2507; x_wconf 83' lang='lat' dir='ltr'><strong>spectatissimum.</strong></span> 
     </span>
     <span class='ocr_line' id='line_1_24' title="bbox 137 2522 1619 2577; baseline 0 -13"><span class='ocrx_word' id='word_1_188' title='bbox 137 2524 320 2565; x_wconf 89' lang='lat' dir='ltr'><strong>Omnem</strong></span> <span class='ocrx_word' id='word_1_189' title='bbox 348 2537 449 2565; x_wconf 86' lang='lat' dir='ltr'><strong>vero</strong></span> <span class='ocrx_word' id='word_1_190' title='bbox 478 2522 710 2565; x_wconf 80' lang='lat' dir='ltr'><strong>studiorum</strong></span> <span class='ocrx_word' id='word_1_191' title='bbox 740 2538 929 2565; x_wconf 86' lang='lat' dir='ltr'><strong>meorum</strong></span> <span class='ocrx_word' id='word_1_192' title='bbox 961 2538 1130 2565; x_wconf 89' lang='lat' dir='ltr'><strong>cursum</strong></span> <span class='ocrx_word' id='word_1_193' title='bbox 1160 2525 1227 2566; x_wconf 87' lang='lat' dir='ltr'><strong>hic</strong></span> <span class='ocrx_word' id='word_1_194' title='bbox 1257 2524 1439 2577; x_wconf 86' lang='lat' dir='ltr'><strong>absolvi,</strong></span> <span class='ocrx_word' id='word_1_195' title='bbox 1474 2526 1619 2567; x_wconf 90' lang='lat' dir='ltr'><strong>deten-</strong></span> 
     </span>
     <span class='ocr_line' id='line_1_25' title="bbox 135 2596 1616 2654; baseline -0.001 -17"><span class='ocrx_word' id='word_1_196' title='bbox 135 2604 203 2637; x_wconf 83' lang='lat' dir='ltr'><strong>tus</strong></span> <span class='ocrx_word' id='word_1_197' title='bbox 231 2611 363 2651; x_wconf 90' lang='lat' dir='ltr'><strong>quum</strong></span> <span class='ocrx_word' id='word_1_198' title='bbox 401 2597 523 2637; x_wconf 84' lang='lat' dir='ltr'><strong>insito</strong></span> <span class='ocrx_word' id='word_1_199' title='bbox 562 2596 742 2651; x_wconf 83' lang='lat' dir='ltr'><strong>quodam</strong></span> <span class='ocrx_word' id='word_1_200' title='bbox 773 2604 912 2637; x_wconf 85' lang='lat' dir='ltr'><strong>terrae</strong></span> <span class='ocrx_word' id='word_1_201' title='bbox 951 2597 1178 2650; x_wconf 69' lang='lat' dir='ltr'><strong>Rhenanae</strong></span> <span class='ocrx_word' id='word_1_202' title='bbox 1223 2612 1370 2654; x_wconf 76' lang='lat' dir='ltr'><strong>amore</strong></span> <span class='ocrx_word' id='word_1_203' title='bbox 1412 2597 1616 2651; x_wconf 87' lang='lat' dir='ltr'><strong>huiusque</strong></span> 
     </span>
     <span class='ocr_line' id='line_1_26' title="bbox 135 2668 1614 2733; baseline -0.001 -20"><span class='ocrx_word' id='word_1_204' title='bbox 135 2671 254 2733; x_wconf 55' lang='lat' dir='ltr'><strong>usbis</strong></span> <span class='ocrx_word' id='word_1_205' title='bbox 294 2671 541 2712; x_wconf 86' lang='lat' dir='ltr'><strong>amoenitate</strong></span> <span class='ocrx_word' id='word_1_206' title='bbox 562 2701 574 2724; x_wconf 95' lang='lat'><strong>,</strong></span> <span class='ocrx_word' id='word_1_207' title='bbox 622 2678 710 2713; x_wconf 89' lang='lat' dir='ltr'><strong>tum</strong></span> <span class='ocrx_word' id='word_1_208' title='bbox 758 2668 1080 2728; x_wconf 67' lang='lat' dir='ltr'><strong>praeceptorum</strong></span> <span class='ocrx_word' id='word_1_209' title='bbox 1121 2672 1315 2715; x_wconf 83' lang='lat' dir='ltr'><strong>claritate</strong></span> <span class='ocrx_word' id='word_1_210' title='bbox 1348 2680 1387 2714; x_wconf 86' lang='lat' dir='ltr'><strong>et</strong></span> <span class='ocrx_word' id='word_1_211' title='bbox 1428 2672 1614 2712; x_wconf 83' lang='lat' dir='ltr'><strong>caritate.</strong></span> 
     </span>
     <span class='ocr_line' id='line_1_27' title="bbox 136 2742 1618 2801; baseline 0.001 -18"><span class='ocrx_word' id='word_1_212' title='bbox 136 2743 359 2784; x_wconf 85' lang='lat' dir='ltr'><strong>Seminarii</strong></span> <span class='ocrx_word' id='word_1_213' title='bbox 401 2742 640 2799; x_wconf 83' lang='lat' dir='ltr'><strong>philologici</strong></span> <span class='ocrx_word' id='word_1_214' title='bbox 663 2775 675 2796; x_wconf 90' lang='lat'>‚</span> <span class='ocrx_word' id='word_1_215' title='bbox 725 2745 837 2801; x_wconf 89' lang='lat' dir='ltr'><strong>quod</strong></span> <span class='ocrx_word' id='word_1_216' title='bbox 881 2744 948 2785; x_wconf 86' lang='lat' dir='ltr'><strong>hic</strong></span> <span class='ocrx_word' id='word_1_217' title='bbox 993 2746 1164 2787; x_wconf 88' lang='lat' dir='ltr'><strong>Bonnae</strong></span> <span class='ocrx_word' id='word_1_218' title='bbox 1227 2748 1319 2789; x_wconf 91' lang='lat' dir='ltr'><strong>We</strong></span> <span class='ocrx_word' id='word_1_219' title='bbox 1336 2743 1454 2786; x_wconf 81' lang='lat' dir='ltr'><strong>lcke</strong></span> <span class='ocrx_word' id='word_1_220' title='bbox 1469 2758 1526 2785; x_wconf 91' lang='lat' dir='ltr'><strong>ro</strong></span> <span class='ocrx_word' id='word_1_221' title='bbox 1577 2752 1618 2785; x_wconf 92' lang='lat' dir='ltr'><strong>et</strong></span> 
     </span>
     <span class='ocr_line' id='line_1_28' title="bbox 137 2814 1619 2877; baseline 0.001 -21"><span class='ocrx_word' id='word_1_222' title='bbox 137 2814 472 2868; x_wconf 74' lang='lat' dir='ltr'><strong>Bitschelio,</strong></span> <span class='ocrx_word' id='word_1_223' title='bbox 503 2816 598 2858; x_wconf 90' lang='lat' dir='ltr'><strong>VV.</strong></span> <span class='ocrx_word' id='word_1_224' title='bbox 625 2816 736 2877; x_wconf 60' lang='lat' dir='ltr'><strong>CC„v</strong></span> <span class='ocrx_word' id='word_1_225' title='bbox 765 2819 1112 2874; x_wconf 85' lang='lat' dir='ltr'><strong>praeceptoribus</strong></span> <span class='ocrx_word' id='word_1_226' title='bbox 1145 2817 1439 2868; x_wconf 86' lang='lat' dir='ltr'><strong>dilectissimis,</strong></span> <span class='ocrx_word' id='word_1_227' title='bbox 1471 2831 1619 2873; x_wconf 82' lang='lat' dir='ltr'><strong>regen-</strong></span> 
     </span>
    </p>
   </div>
  </div>
 </body>
</html>
