1728 3041
138 148 182 187 1.
240 142 539 201 Praecipuum
570 142 786 200 philologi
815 144 1010 188 studium
1049 145 1097 189 in
1130 143 1366 189 literarum
1402 150 1605 205 antiqua-

239 230 337 268 rum
369 220 659 261 monumentis
689 221 913 262 versatur.

136 296 179 336 2.
240 288 376 347 Apud
406 274 866 348 Sophoclemffidntiffi
903 304 947 335 v.
978 294 1087 336 614.
1135 288 1331 337 Brunclc.
1371 294 1605 338 verissime

241 365 489 407 mendavit
517 362 769 408 Ileathius:
798 363 1004 416 πάμπολύ
1037 366 1089 417 γ’.

138 442 182 480 3.
242 434 376 492 Apud
410 436 711 494 Thucydidem
738 437 771 481 l.
784 440 825 481 4.
857 449 899 480 c.
911 427 988 481 ⁶7.
1018 435 1234 490 (Beklcer.
1264 438 1349 482 vol.
1366 443 1426 494 2.,
1453 452 1496 495 p.
1512 445 1600 494 91„

241 509 430 564 lin.1o.)
462 505 578 557 ὅπως
610 539 841 555 ......
886 507 1060 566 ἀφανὴς
1087 507 1140 564 δὴ
1174 506 1240 565 εἴη
1270 509 1296 564 ἦ
1325 508 1497 566 φυλακὴ
1539 512 1606 556 m'l

240 582 495 626 mutandum
511 616 522 637 ‚
587 597 619 638 φ
638 597 665 623 υ
679 579 812 636 λακὴ
858 581 1119 627 vocabulum
1156 585 1340 640 passive
1376 587 1603 641 accipien-

238 656 341 698 dum
367 661 440 699 est
461 668 548 711 pro
576 669 630 699 re
660 656 968 700 custodienda.

140 731 186 771 4.
247 727 289 772 Ε
315 727 465 772 verbis
502 729 623 785 apud
653 727 751 773 Cic.
781 729 840 772 ad
869 726 965 772 Att.
1001 732 1045 783 8,
1067 733 1166 773 11..·
1215 741 1461 785 censeo,
1501 733 1606 774 via

236 800 431 856 Appia
461 804 588 844 iter
616 800 834 855 facias
864 797 1604 845 et—celeriterBrundu-

239 888 265 918 s
276 877 293 917 i
305 887 386 918 um
415 887 442 917 υ
459 888 485 917 e
500 887 530 917 n
545 877 562 917 i
575 888 602 917 e
619 887 645 917 s
664 887 751 917 non
767 875 945 918 videtur
964 874 1173 918 concludi
1193 887 1343 930 posse,
1361 875 1478 919 hanc
1491 878 1607 919 viam

242 951 332 991 iam
361 952 452 990 tum
478 944 782 991 Brundusium
811 960 950 1004 usque
979 951 1173 990 stratam
1198 946 1362 1001 fuisse.

141 1026 189 1066 5.
246 1019 380 1076 Apud
412 1016 645 1077 Virgilium
674 1020 837 1064 vocula
866 1034 968 1077 que
1015 1034 1102 1064 non
1129 1023 1219 1064 nisi
1250 1033 1419 1064 caussa
1448 1021 1608 1065 idonea

241 1092 527 1149 producitur.

144 1172 191 1210 6.
248 1165 305 1209 In
339 1164 517 1222 Virqilii
548 1165 709 1223 Geory.
743 1166 772 1210 1.
790 1172 835 1221 2,
858 1169 965 1210 341.
997 1179 1127 1214 unum
1155 1171 1328 1213 rectum
1358 1172 1454 1221 est,
1492 1168 1609 1223 quod

246 1235 437 1283 Vossius
464 1242 692 1296 reposuit.-
726 1239 900 1283 Terrea
927 1230 1183 1296 proyffless
1275 1237 1281 1245 '
1311 1231 1336 1248 ²
1380 1252 1382 1255 ’
1470 1279 1473 1282 Α

144 1318 187 1355 7.
247 1309 381 1368 Apud
415 1311 718 1370 Thucydidem
749 1312 779 1357 1.
801 1315 847 1356 4.
894 1325 933 1356 c.
955 1316 1031 1356 65.
1083 1310 1296 1367 (Bekker.
1329 1316 1385 1366 2,
1404 1317 1480 1366 93,
1510 1311 1608 1366 12.)

243 1385 409 1430 verba.-
439 1385 605 1439 πλῆθος
633 1379 667 1446 ὅ,
688 1382 862 1443 ξυνῄδει
890 1384 1096 1430 videntur
1119 1385 1349 1442 ylossema
1376 1397 1494 1429 esse.
1639 1414 1641 1416 -

141 1465 186 1503 8.
247 1461 454 1516 Iniquius
482 1457 704 1503 Aelianus
723 1457 855 1503 Varr.
880 1457 1002 1503 Hist.
1017 1464 1091 1512 12,
1110 1463 1187 1503 50.
1218 1459 1274 1503 de
1302 1457 1608 1502 Lacedaemo-

242 1534 332 1576 niis
364 1531 568 1588 iudicat,
615 1545 746 1590 quum
777 1532 914 1587 dicit,
963 1545 1043 1576 eos
1083 1535 1279 1576 musices
1309 1531 1444 1588 plane
1470 1530 1609 1575 rudes

242 1603 406 1660 fuisse.

149 1685 197 1722 9.
259 1677 509 1722 Lucretius
539 1690 723 1721 carmen
750 1691 878 1722 suum
903 1678 1219 1735 imperfectum
1246 1691 1331 1722 non
1354 1678 1550 1735 reliquit.

116 1758 188 1796 10.
253 1750 391 1795 Plato
421 1754 470 1794 in
488 1749 745 1795 Menexeno
772 1751 1097 1795 conscribendo
1129 1752 1189 1795 ad
1214 1750 1414 1795 Periclis
1442 1751 1608 1795 oratio-

245 1837 344 1868 nem
373 1823 606 1878 funebrem
635 1824 755 1879 apud
788 1823 1087 1881 Thucydidem
1118 1827 1341 1880 respexit.

117 1902 183 1940 11.
248 1896 605 1940 Terminationes
647 1895 881 1939 verborum
910 1895 1178 1954 Latinorum
1195 1930 1206 1950 ‚
1248 1899 1295 1940 in
1332 1898 1376 1940 is
1405 1895 1608 1941 desinen-

244 1972 368 2020 tium,
410 1982 523 2026 quae
553 1983 578 2012 e
607 1968 791 2013 Graeca
820 1969 970 2026 linqua
999 1973 1144 2026 petita
1169 1974 1298 2023 sunt,
1345 1969 1460 2013 duae
1488 1973 1608 2023 sunt,

246 2046 294 2086 in
320 2046 373 2086 is
402 2047 447 2086 et
474 2055 601 2097 eos,
631 2046 678 2086 in
704 2045 801 2087 ios
828 2042 956 2087 nulla
987 2047 1071 2087 est.

114 2123 188 2162 12.
254 2114 472 2160 Vocabuli
494 2114 654 2159 Latini
669 2119 722 2158 si
738 2129 767 2159 n
777 2116 902 2172 yuli
923 2116 1077 2159 eadem
1102 2119 1173 2159 est
1197 2114 1418 2159 derivatio
1434 2114 1607 2159 eadem-

246 2202 329 2246 que
355 2187 649 2245 significatio,
682 2201 795 2246 quae
823 2187 995 2233 Graeci
1025 2188 1213 2239 ἕκαστος.

118 2268 190 2306 13.
250 2261 557 2305 Institutionis
571 2260 775 2314 feudalis
802 2259 892 2304 iam
919 2262 1039 2317 apud
1057 2265 1234 2304 veteres
1252 2259 1512 2313 Germanos,
1533 2262 1610 2315 qui

246 2332 468 2379 Caesaris
499 2337 545 2376 et
568 2333 720 2377 Taciti
752 2333 1024 2390 temporibus
1051 2332 1251 2388 fuerunt,
1281 2335 1474 2390 vestigia
1488 2335 1607 2376 svmt.

119 2412 192 2451 14.
250 2406 544 2461 Definitiones
592 2407 815 2450 notionum
843 2406 1068 2463 philologo
1087 2441 1098 2461 ,
1141 2407 1288 2464 quoad
1312 2405 1417 2460 fieri
1445 2409 1608 2461 potest,

244 2494 269 2522 e
294 2479 527 2524 radicibus
559 2493 729 2538 usuque
759 2479 994 2525 verborum
1023 2478 1363 2525 constituendae
1389 2483 1509 2523 sunt.

117 2559 188 2598 15.
249 2552 424 2596 Errant
452 2556 511 2605 ii,
544 2557 617 2609 qui
646 2557 792 2597 omnia
805 2587 816 2606 ‚
847 2553 1005 2611 quibus
1035 2556 1264 2598 recentior
1289 2557 1420 2596 aetas
1446 2551 1501 2595 ab
1530 2563 1607 2593 an-

249 2624 457 2683 tiquitate
485 2623 638 2679 differt
652 2660 662 2679 ‚
695 2639 724 2669 a
752 2624 1104 2670 'christianismo
1134 2628 1353 2682 repetunt.

0 2983 1728 3041 -----ῌ
