1728 3041
709 110 1041 159 „19-

128 246 284 287 dicitur
303 274 316 298 ‚
365 244 449 285 hoc
477 241 803 284 contubernium
851 253 936 281 non
981 240 1032 280 ad
1066 234 1242 295 primam
1293 239 1617 290 institutionem,

130 320 243 375 quod
273 317 536 360 Fontaninus
567 313 942 356 voluissevidetur
963 342 976 364 ‚
1022 313 1094 354 sed
1134 314 1185 354 ad
1211 313 1462 368 Epicuream
1494 314 1619 353 disci-

130 394 312 448 plinam,
358 406 380 431 a
413 392 574 446 Syrone
604 388 771 443 uti-ique
801 388 995 429 traditam
1018 418 1028 437 ‚
1060 389 1256 442 pertinet.
1308 388 1354 428 Si
1395 388 1478 427 iam
1508 400 1618 427 nunc

132 481 222 522 pro·
241 474 353 506 certo
387 466 544 519 possem
574 476 730 517 ponere
748 492 759 514 ,
798 461 912 517 quod
941 468 1081 516 postea
1120 462 1220 501 mihi
1251 459 1620 520 demonstrandum

132 524 242 590 erit,
273 536 453 577 Cirim
483 537 632 589 poe'ma
662 549 744 575 non
778 535 831 575 ab
860 533 943 575 alio
973 535 1051 574 nisi
1082 549 1104 575 a
1133 533 1256 576 Gallo
1287 534 1493 588 scriptum
1520 546 1622 583 esse,

132 608 232 649 inde
261 612 429 664 quoque
468 615 759 663 argumentum
788 614 931 663 petere
975 621 1166 662 possem,
1211 606 1342 662 quum
1379 607 1420 646 in
1453 604 1624 646 exordio

133 682 330 725 carminis
359 681 417 733 (5,
453 679 493 733 4)
525 687 674 722 auctor
701 688 850 735 aperte
879 695 923 734 se
953 680 1208 736 Epicureum
1239 693 1326 721 esse
1355 680 1620 735 profiteatur.

135 754 245 795 Ut'ut
270 769 339 795 res
369 769 455 795 sese
483 754 611 795 habet
630 785 642 804 ‚
693 754 736 795 id
767 761 925 795 certum
954 761 1012 794 est
1032 784 1045 806 ,
1093 755 1179 794 fere
1206 754 1316 794 circa
1355 767 1509 794 annum
1542 766 1624 808 7¹0

136 827 259 879 (Galli
292 831 361 881 25)
396 828 459 869 vel
492 827 632 883 paullo
675 836 772 869 ante
799 829 928 869 Cirim
957 842 1045 869 esse
1073 828 1293 882 scriptam,
1322 842 1453 883 quum
1480 826 1624 883 Virgiss

136 902 214 941 lius
256 901 296 941 in
330 901 430 945 Ecl.
463 903 514 953 ll,
562 916 619 944 vs.
656 886 683 942 5'
708 909 749 941 et
787 916 848 946 ιο,
891 902 1107 942 manifesto
1153 915 1294 942 versus
1339 900 1419 941 208
1451 908 1493 941 et
1527 900 1623 955 570-

136 975 244 1014 Ciris
274 974 473 1014 imitando
505 975 761 1028 expresserit,
796 975 867 1015 illa
896 989 994 1015 vero
1021 974 1163 1029 ecloga
1197 976 1237 1014 in
1269 988 1426 1013 annum
1459 987 1534 1027 7¹¹
1575 973 1617 1012 in

136 1047 260 1087 eidat.
319 1048 419 1087 Nam
474 1046 642 1087 illorum
691 1049 919 1098 sententia,
959 1049 1029 1101 qui
1072 1036 1314 1098 statuerint,
1365 1046 1498 1085 Cirim
1541 1057 1628 1085 esse

137 1121 357 1176 centonem
387 1119 595 1174 quendam
616 1151 628 1170 ‚
675 1134 698 1161 e
726 1121 875 1175 pannis
903 1129 944 1161 et
973 1121 1133 1160 laciniis
1163 1120 1377 1160 variorum
1411 1121 1627 1172 poetarum

134 1193 393 1242 confectum,
426 1194 506 1238 iam
529 1193 701 1245 dudum,
729 1194 896 1248 opinor,
927 1193 1090 1248 explosa
1110 1201 1183 1236 est.
1215 1192 1387 1235 Accedit
1418 1191 1472 1242 id,
1496 1190 1623 1246 quod,

140 1267 174 1306 si
205 1261 376 1320 quidem
408 1267 512 1306 Ciris
533 1266 698 1306 Gallum
731 1275 944 1307 auctorem
976 1267 1128 1319 habet,
1176 1267 1337 1320 egregie
1368 1273 1505 1316 aetas,
1544 1279 1628 1319 qua

140 1344 267 1393 poeta
297 1338 336 1378 in
369 1338 440 1378 illo
469 1340 653 1379 carmine
687 1354 775 1380 sese
804 1353 891 1380 esse
924 1340 1042 1390 dicit,
1073 1354 1168 1379 cum
1202 1337 1471 1397 anno-Galli,
1504 1352 1628 1394 quem

143 1411 253 1451 cinea
285 1425 321 1453 a.
358 1426 452 1467 7⁰7·
485 1412 547 1451 vel
582 1428 674 1467 7¹0·
704 1413 862 1466 agebat,
890 1413 1092 1466 congiuit.
1141 1412 1433 1452 Nameverss.
1462 1410 1629 1463 42—45

142 1483 259 1523 illum
292 1485 481 1524 iuvenem
513 1485 638 1525 fuisse
673 1493 861 1541 apparet,
884 1485 1029 1526 Gallus
1054 1500 1155 1527 veio
1188 1485 1259 1526 illo
1285 1492 1473 1541 tempore
1502 1485 1629 1525 homo

142 1558 308 1609 24—25
337 1573 540 1599 annorum
571 1559 660 1599 fuit.

252 1630 341 1669 Non
374 1638 437 1671 est
465 1634 593 1673 nostri
623 1632 719 1685 loci,
748 1639 881 1673 totam
910 1633 1021 1673 illam
1053 1635 1335 1688 quaestionem
1377 1631 1628 1681 exhaurire3

142 1702 185 1742 id
209 1710 518 1745 tantum‘nunc
545 1705 721 1760 agimus,
742 1713 819 1758 ut,
853 1707 894 1746 in
923 1721 1050 1761 quem
1072 1720 1226 1746 annum
1256 1706 1440 1745 incidant
1468 1705 1631 1758 singula

145 1777 344 1825 carmina,
381 1774 488 1832 quae¹
517 1779 582 1818 vel
613 1793 636 1818 a
667 1778 787 1819 Gallo
816 1780 974 1835 scripta
992 1787 1103 1830 sunt,
1138 1778 1203 1821 vel
1232 1779 1359 1819 tribui
1389 1779 1425 1819 ei
1454 1778 1628 1833 possint,

144 1848 349 1902 probabili
379 1850 623 1892 coniectura
653 1855 936 1906 assequamur.

260 1920 417 1961 Eodem
450 1928 637 1976 tempore
669 1923 814 1964 Gallus
860 1924 1126 1964 hauddubie
1159 1922 1248 1963 aliis
1278 1937 1445 1978 quoque
1475 1924 1631 1963 carmi-

150 1993 271 2033 nibus
295 1995 525 2048 pangendis
549 2004 773 2050 oceupatus
795 1997 886 2047 fuit,
919 1997 1033 2051 quod
1059 2012 1106 2037 ex
1134 1998 1278 2037 eadem
1300 1996 1464 2050 Virgilii
1494 1992 1640 2049 ecloga

151 2067 274 2117 (anno
305 2066 385 2119 7¹5
402 2067 567 2121 scripta)
599 2075 780 2122 apparet.
820 2071 921 2110 Nam
942 2068 1117 2120 Ecl.Vl‚
1148 2083 1207 2109 vs.
1228 2068 1299 2111 66.
1324 2069 1479 2109 indicat
1502 2070 1634 2122 poeta,

151 2136 318 2176 Gallum
349 2145 447 2177 tunc
481 2140 560 2178 iam
594 2155 742 2196 magno
774 2141 940 2181 nomine
971 2147 1013 2181 et
1047 2141 1179 2181 multa
1212 2142 1334 2181 laude
1367 2141 1527 2195 poetica
1561 2140 1639 2180 sso-

153 2200 318 2262 ruisse,
357 2210 507 2250 deinde
538 2226 583 2251 ex
614 2227 690 2256 vss.
719 2214 930 2271 69—73.‚
964 2215 1005 2255 in
1035 2215 1186 2271 quibus
1213 2214 1466 2256 carminibus
1491 2229 1637 2255 versa-

153 2289 219 2323 tus
251 2283 316 2334 sit,
348 2283 545 2325 adhibitis
573 2289 938 2339 grammaticorum
965 2278 1221 2338 testimoniis,
1266 2287 1455 2328 concludi
1490 2294 1639 2342 potest.

156 2354 291 2395 Erant
322 2370 418 2396 vero
462 2356 529 2396 illa
559 2360 795 2412 argumenti
829 2359 1034 2414 mythici,
1082 2361 1123 2398 in
1158 2360 1307 2415 quibus
1353 2361 1506 2413 partim
1538 2359 1638 2398 He·

156 2426 402 2480 siodum,
434 2430 583 2481 pai-tim
615 2429 1040 2485 Euphorionem
1070 2430 1504 2483 Chalcidicum,
1537 2434 1639 2486 poe-

157 2505 239 2539 tam
275 2500 624 2552 Alexandrinum,
676 2504 747 2557 qui
799 2504 909 2542 circa
939 2510 1125 2557 tempora
1156 2504 1260 2544 Pto
1282 2503 1390 2544 lem
1412 2507 1491 2545 aei
1545 2505 1644 2545 τοῦ

157 2570 269 2612 Εὕε
289 2573 497 2626 ργὲτου
528 2575 655 2628 vixit,
697 2563 879 2622 imitatus
910 2583 985 2619 est.
1044 2577 1123 2617 Sed
1155 2576 1207 2617 de
1236 2578 1301 2618 his
1330 2593 1510 2634 quoque,
1543 2592 1640 2633 pro-

157 2647 281 2698 positi
310 2649 389 2689 mei
418 2655 551 2699 tenait,
582 2656 818 2690 accuratam
849 2649 1177 2704 disquisitioiiem
1208 2654 1248 2692 in
1281 2652 1452 2693 alteram
1481 2657 1640 2705 partem

159 2715 319 2761 differo.

244 2793 412 2836 Floruit
446 2794 516 2835 illo
548 2804 731 2851 tempore
762 2796 1122 2838 Parthenius
1160 2798 1292 2839 Nica
1314 2800 1497 2851 censis,
1525 2801 1643 2855 poeta
