1728 3041
695 98 1033 142 -27-

123 227 359 278 thetidem,
391 224 513 265 Gallo
542 223 731 272 deserto,
779 236 872 280 cum
912 221 1091 261 Antonio
1122 221 1162 261 in
1194 220 1352 263 Gallias
1380 222 1607 276 profectam

120 312 219 339 esse.
258 298 355 348 Quo
389 295 497 335 enim
531 301 719 345 tempore
749 293 961 332 Antonius
988 292 1042 332 ad
1065 293 1258 334 Rhenum
1281 295 1498 348 processit,
1530 308 1607 333 cu..

121 372 184 410 ius
216 371 257 409 in
290 369 367 409 hac
396 367 535 421 ecloga
571 365 725 405 mentio
757 366 840 406 fit?
912 365 1036 419 Fugit
1076 380 1173 407 sane
1209 368 1250 407 in
1282 367 1462 408 Galliam
1495 382 1531 410 a.
1564 383 1605 411 u.

120 458 196 499 7¹¹
231 449 323 497 post
355 440 555 495 praelium
596 441 847 488 Mutinense,
889 438 958 478 sed
1005 446 1103 479 tunc
1144 454 1329 479 amorem
1371 440 1608 494 Cytheridis

120 516 200 555 iam
229 521 412 558 exuerat.
469 514 559 554 Nec
590 514 722 568 potuit
755 513 879 553 scribi
913 512 1014 552 haec
1042 512 1181 569 ecloga
1211 520 1308 553 ante
1329 527 1487 553 annum
1507 513 1606 567 704,

119 589 233 642 prius
266 591 393 639 quain
425 587 625 626 Antonius
656 587 698 624 in
729 584 968 639 Cytheridis
996 598 1178 624 amorem
1211 587 1476 637 incu1·reret;
1509 599 1605 625 nam

118 658 302 715 primum
335 657 536 713 Virgilius
565 659 651 713 i'pse
680 657 787 697 banc
808 656 992 712 eclogam
1013 656 1199 697 ultimam
1219 672 1309 698 esse
1323 658 1421 699 dicit
1451 660 1529 711 (vs.
1549 661 1603 710 ο),

116 731 227 786 quod
258 730 408 771 falsum
440 738 570 781 esset,
615 730 649 770 si
685 743 776 769 eam
804 737 901 769 ante
931 730 1015 783 7⁰¹7}-
1045 730 1297 784 scripsisset3
1340 721 1428 771 tum
1460 730 1605 772 Gallus

52 825 56 830 ·
115 804 187 845 illo
217 811 404 858 tempore
432 803 499 843 vix
528 804 769 844 vicesimum
802 804 949 843 aetatis
977 817 1133 842 annum
1153 817 1276 858 agens
1293 817 1391 844 sane
1422 818 1503 843 non
1523 818 1602 857 po·

113 877 195 917 tuit
225 876 539 930 Euphorionem
559 906 572 929 ,
615 889 740 930 quem
771 876 811 915 in
845 875 915 915 illa
946 876 1103 930 Ecloga
1137 883 1342 915 memorat
1362 904 1376 927 ‚
1408 878 1598 919 vertisse.

113 950 226 992 Haec
257 950 338 990 iam
368 949 641 1003 suspicionem
658 955 842 1001 movent,
876 949 1168 1002 grammaticos
1202 948 1278 987 hac
1307 949 1349 987 in
1369 962 1415 988 re
1431 947 1602 988 omnino

112 1022 355 1063 allucinatos
386 1034 488 1070 esse,
521 1027 561 1061 et
593 1020 840 1076 Lycoridem
863 1020 971 1060 Galli
995 1021 1201 1065 diversam
1236 1034 1322 1061 esse
1352 1036 1374 1060 a
1406 1020 1602 1076 Cytheri-

111 1095 164 1136 de
194 1095 393 1145 Antonii,
440 1102 486 1135 ut
513 1095 680 1135 Ruaeus
708 1107 877 1151 quoque
907 1099 949 1132 et
978 1093 1150 1132 Vossius
1180 1100 1362 1134 censent.
1439 1095 1602 1135 Deinde

110 1167 190 1208 hoc
217 1181 294 1222 per
324 1181 370 1208 se
399 1167 649 1208 incredibile
674 1174 749 1218 est,
780 1165 945 1206 Gallum
980 1167 1187 1206 hominem
1221 1167 1411 1206 iuvenem
1441 1174 1483 1206 et
1515 1166 1602 1208 cle-

110 1248 275 1295 gantem
329 1242 440 1295 turpi
486 1255 628 1281 amore
672 1240 849 1281 feminae
892 1239 1000 1280 illius
1046 1240 1206 1279 infamis
1234 1247 1276 1280 et
1302 1239 1489 1280 exoletae
1518 1240 1600 1281 ssa..

110 1328 249 1368 grasse
292 1314 449 1355 nedum
495 1312 733 1368 Virgilius,
787 1314 997 1369 virgineae
1047 1316 1248 1354 castitatis
1276 1313 1427 1364 homo,
1454 1313 1600 1355 ‘talem

109 1400 299 1427 amorem
328 1388 512 1427 carmine
539 1386 814 1428 celebraverit
846 1393 888 1428 et
921 1389 1176 1428 mentionem
1205 1386 1482 1427 honorificam
1513 1388 1600 1441 Ly..

109 1459 263 1500 coridis
295 1474 463 1515 quoque
493 1463 576 1515 (vs.
610 1461 656 1513 2)
705 1460 913 1501 iniecerit.
990 1461 1073 1511 Qui
1105 1474 1226 1500 amor
1256 1459 1448 1500 Antonio
1478 1472 1597 1500 sum..
1645 1511 1650 1517 ,

109 1545 218 1571 mam
250 1538 390 1572 notam
422 1533 596 1583 inussit,
627 1532 661 1572 is
690 1532 857 1572 Gallum
886 1546 967 1572 non
1001 1532 1271 1573 dedecuerit?

220 1606 421 1646 Putitlum
456 1606 628 1647 omnino
658 1613 719 1645 est
758 1608 1128 1661 grammaticorum
1172 1614 1480 1660 commentum,
1525 1610 1598 1663 qui

105 1692 234 1731 quum
267 1677 424 1733 aliquid
458 1678 509 1718 de
537 1663 773 1732 Cytheride,
808 1678 983 1719 Antonii
1014 1681 1176 1727 amica,
1208 1679 1493 1734 audivissent,
1525 1696 1597 1722 ac-

107 1752 312 1804 cepissent
353 1750 535 1802 deinde‚
570 1751 828 1806 Lycoridem
870 1752 978 1792 Galli
1021 1751 1103 1793 alio
1134 1754 1300 1793 nomine
1331 1753 1596 1808 Cytheridem

103 1820 257 1861 dictam
281 1820 402 1861 fuisse
432 1822 526 1874 (hoc
559 1824 670 1864 enim
700 1823 755 1864 ita
791 1838 878 1864 sese
902 1824 1106 1875 habuisse,
1137 1827 1357 1880 probabile
1377 1827 1476 1883 est),
1506 1834 1596 1868 sta-

104 1894 177 1932 tim
206 1895 499 1945 coniecerunt‚
548 1895 657 1935 hanc
691 1903 734 1936 et
776 1895 889 1936 illam
935 1912 1059 1937 unam
1104 1899 1367 1954 eandemque
1399 1900 1595 1941 feminam

106 1965 245 2008 fuisse.

564 2041 611 2079 A.
647 2040 699 2080 U.
733 2042 832 2094 723,
864 2056 900 2081 a.
935 2041 1034 2082 Chr.
1067 2044 1134 2086 31.

133 2110 346 2152 Caesar
379 2111 746 2154 Octavianus
781 2115 879 2165 HL,
929 2116 984 2155 Μ.
1015 2115 1290 2158 Valerius
1319 2118 1562 2158 Messala

603 2200 735 2228 coss.
767 2201 804 2227 a.
835 2187 987 2228 Galli
1023 2189 1088 2229 38.

102 2251 345 2295 Debellatur
374 2257 483 2311 apud
513 2258 674 2298 Actium
708 2262 1070 2312 promontorium,
1103 2262 1308 2302 Antonius
1339 2269 1379 2302 et
1411 2262 1591 2317 Cleopa-

105 2332 167 2365 tra
200 2330 437 2383 Aegyptum
468 2339 626 2385 petunt.
700 2332 858 2373 Caesar
888 2348 1019 2388 quum
1054 2336 1140 2389 ipse
1172 2342 1263 2389 post
1296 2337 1512 2376 victoriam
1547 2336 1591 2376 in

99 2397 269 2441 Samum
309 2402 488 2444 insulam
516 2419 607 2446 sese
636 2406 906 2457 contulisset,
949 2408 1002 2448 de
1034 2408 1304 2450 seditionibus
1338 2408 1520 2448 militum
1547 2409 1589 2449 in

102 2467 219 2510 ltalia
252 2474 405 2516 certior
432 2478 583 2528 factus,
616 2476 714 2517 illuc
742 2478 1045 2532 transgreditur
1077 2487 1116 2520 et
1146 2481 1243 2522 inde
1266 2496 1376 2523 anno
1393 2490 1589 2538 sequente

97 2542 137 2582 in
164 2545 396 2601 Aegyptum
417 2551 545 2602 venit,
577 2551 670 2591 iam·
690 2565 820 2605 paene
852 2552 1067 2593 subactam
1100 2570 1121 2593 a
1152 2555 1197 2596 C.
1219 2556 1420 2596 Cornelio
1450 2555 1584 2595 Gallo.

96 2613 200 2656 Nam
245 2619 304 2660 illi
347 2629 478 2664 totam
522 2639 607 2666 rem
648 2623 1020 2666 administrandam
1076 2626 1291 2683 Augustus
1334 2629 1581 2677 tradiderat,

99 2701 273 2746 eumque
304 2697 441 2736 statim
468 2704 556 2751 post
586 2712 765 2751 pugnam
799 2698 850 2738 ad
867 2700 1093 2739 Antonium
1121 2700 1455 2755 persequendum
1487 2713 1583 2738 cum

95 2766 278 2821 exemituv
307 2770 548 2824 praemisit3
579 2770 726 2812 Gallus
755 2778 894 2813 autem
926 2787 991 2814 res
1021 2773 1078 2814 ibi
1113 2772 1340 2815 felicissime
1369 2780 1583 2813 exsecutus
