1728 3041
995 345 1052 393 ᾗ
1101 358 1104 359 ⁷

584 541 819 585 Tabula
844 538 1126 595 capitum.

114 940 359 978 Prooemium.
475 967 484 978 .
585 963 597 975 .
697 966 705 973 .
807 966 816 974 .
914 967 922 975 .
1027 967 1033 974 .
1133 968 1139 974 .
1239 968 1246 975 .
1327 975 1336 981 ,
1347 969 1356 980 ,
1478 952 1557 989 pag.
1586 943 1602 975 1

118 1028 237 1076 Caput
264 1027 299 1062 1.
398 1026 453 1060 De
482 1025 631 1062 nomine
659 1031 697 1061 et
721 1027 899 1074 imprimis
924 1026 970 1062 de
991 1027 1230 1074 praenomine
1255 1027 1295 1062 C.
1319 1027 1456 1065 come-

398 1092 440 1127 lii
465 1085 575 1127 Galli.
685 1117 694 1126 .
792 1115 801 1125 .
901 1116 909 1125 .
1008 1117 1017 1125 .
1119 1117 1126 1125 .
1227 1117 1235 1125 .
1336 1119 1343 1127 .
1442 1120 1450 1128 .
1580 1095 1599 1129 7

115 1181 237 1229 Caput
265 1181 314 1216 11.
354 1187 358 1191 “
390 1177 496 1225 Quae
526 1177 639 1212 suerit
665 1178 807 1224 patria,
836 1176 937 1225 quod
967 1177 1066 1212 Galli
1091 1189 1217 1224 genus.
1343 1206 1350 1212 .
1448 1208 1455 1215 .
1558 1183 1599 1215 11

116 1267 237 1314 Caput
263 1267 334 1302 111.
392 1265 447 1300 De
476 1270 661 1312 tempore,
685 1276 759 1311 quo
786 1265 916 1299 Gallus
944 1265 1088 1299 vixerit.
1123 1291 1131 1299 .
1231 1291 1238 1298 .
1340 1292 1347 1299 .
1446 1292 1455 1302 .
1557 1268 1598 1303 17

115 1354 235 1402 Caput
262 1355 319 1390 1V.
389 1353 444 1387 De
473 1353 706 1388 institutione
732 1353 845 1395 Galli,
873 1353 953 1387 eius
978 1353 1150 1393 amicitiis
1164 1358 1203 1387 et
1215 1353 1342 1399 primis
1367 1353 1454 1388 lite-

391 1429 509 1451 rarum
536 1418 806 1460 monumentis,
835 1428 931 1464 quae
955 1416 1173 1453 condiderit.
1230 1442 1238 1451 .
1335 1445 1344 1455 .
1444 1442 1452 1451 .
1555 1419 1599 1453 18

115 1505 237 1553 Caput
267 1506 306 1540 V.
393 1504 549 1553 Reliqua
576 1505 677 1541 Galli
703 1506 801 1549 vita,
828 1517 895 1553 per
919 1516 1035 1541 annos
1059 1505 1213 1551 digesta.
1335 1529 1344 1538 .
1446 1530 1453 1538 .
1551 1506 1595 1539 21

116 1591 235 1641 Caput
265 1591 324 1627 VI.
392 1591 451 1639 De>
472 1590 626 1638 Aegypti
655 1595 764 1633 statu,
789 1591 898 1627 Gallo
928 1603 1007 1626 eam
1031 1596 1192 1638 regente,
1221 1589 1345 1638 deque
1375 1590 1456 1626 lau-

388 1654 496 1690 dibus
526 1655 638 1698 Gaui,
665 1660 796 1703 quarto
826 1656 1091 1702 Georgicorum
1118 1655 1278 1691 insertis.
1332 1680 1340 1689 .
1443 1681 1450 1689 .
1554 1656 1600 1691 30

116 1742 237 1790 Caput
268 1744 345 1778 VII.
395 1743 449 1777 De
476 1748 591 1778 morte
619 1742 722 1777 Galli
750 1748 787 1777 et
816 1742 862 1779 de
890 1743 1040 1786 caussis,
1065 1755 1128 1779 cur
1152 1742 1347 1781 damnatus
1379 1744 1437 1778 sit.
1558 1743 1606 1777 36
