1728 3041
713 101 1009 152 .-„-9‚-

114 246 277 294 nomeu
296 231 485 276 Cornelii
501 230 611 274 Galli
643 230 784 282 fuisse,
818 228 899 272 hoc
931 237 1031 285 puto
1047 228 1339 277 Casaubonum
1370 230 1502 283 ipsum
1525 243 1601 269 non

115 306 308 366 voluisse.
1382 356 1386 360 Ι

255 354 571 435 Eutropius
604 374 835 422 1.V11.c.
869 391 907 433 7.
964 376 1152 417 nominat
1190 373 1359 419 Gallum
1413 381 1602 414 nostrum

114 453 356 504 Gueum,
391 452 456 493 bis
485 450 649 495 verbis:
694 450 1032 506 „Aegyptus
1073 464 1172 504 per
1216 448 1599 489 Octavianum

116 525 470 584 „Augustum
501 524 763 579 imperio
761 524 1017 579 Romano
1048 523 1269 563 adiecta
1302 528 1406 573 est,
1449 534 1602 577 prae-

117 598 488 664 „positusque
520 597 611 646 Cn.
640 595 950 639 Cornelius
982 595 1243 641 Gallus.¹‘
1320 595 1434 635 Hanc
1476 608 1603 634 unam

113 669 399 736 auctoritatem
428 678 595 727 praeter
625 684 726 732 eos,
752 684 855 728 quos
885 668 1028 712 laudat
1059 669 1318 715 Fontaninus
1349 683 1387 723 p.
1426 681 1506 718 ιο.,
1541 665 1605 708 te·

116 758 230 795 mere
260 752 424 799 secutus
455 753 515 787 est
542 745 822 800 Glandorpius
854 744 1073 789 Onomast
1092 744 1210 787 Rom.
1230 758 1268 799 p.
1290 757 1386 799 279.
1437 742 1603 785 Verum

115 818 322 870 Peeanius
352 819 549 876 sophista,
586 822 775 864 Graecus
793 818 985 874 Eutropii
1028 819 1240 873 interpreS,
1274 817 1402 874 babet
1432 815 1504 857 Γ
1478 830 1603 859 αιον

116 892 260 943 (verba
291 894 379 935 eius
399 901 520 935 sunt.
554 891 758 947 ἐπέστησέ
786 905 832 933 τε
861 906 1054 945 αρχοντα
1083 891 1137 947 τῇ
1163 906 1285 948 χωρα
1317 888 1382 931 Γ
1354 903 1448 931 ator
1481 890 1604 942 Κορ-

115 961 262 1019 νήλιον
282 963 490 1019 Γάλλον),
521 967 588 1006 cui
623 964 899 1021 adstipulatu!
918 965 1071 1009 Euseb.
1092 965 1252 1008 Cbrou.
1284 964 1335 1004 ad
1359 962 1431 1007 Ol.
1461 962 1608 1016 PssZ,

115 1037 197 1080 [Δ
218 1040 278 1092 (p.
319 1036 397 1093 ¹98
413 1036 506 1078 Scal
510 1041 566 1090 .:)
595 1035 931 1095 Ἀλεξανδρείας
962 1036 1231 1091 ειλημμένης
1237 1036 1403 1091 πρῶτος
1434 1031 1606 1089 ἧγεμων

113 1109 327 1165 πέμπεται
358 1110 410 1162 Γ.
442 1108 682 1166 Κορνήλιος
712 1108 890 1159 Γάλλος.
964 1111 1030 1152 Ειι
1057 1110 1163 1151 duos
1194 1117 1347 1163 testes,
1381 1111 1424 1150 in
1454 1109 1606 1166 quibus

114 1184 196 1224 iam
224 1170 485 1239 acquiescere
514 1198 738 1239 possemus,
772 1184 848 1224 nisi
877 1185 1117 1225 coniectura
1149 1198 1316 1239 quoque
1330 1184 1426 1223 satis
1445 1182 1606 1237 proba-

116 1256 189 1299 bili
215 1253 257 1297 et·
284 1257 602 1299 ratiocinatione
632 1271 695 1298 res
717 1257 974 1298 firmaretur.
1023 1258 1105 1298 lam
1129 1272 1252 1313 supra
1274 1256 1464 1310 diximus,
1492 1255 1605 1311 apud

117 1329 339 1387 plerosque
367 1331 590 1385 scriptores
633 1343 889 1388 praenomen
936 1329 1046 1371 Galli
1078 1331 1237 1380 taceri,
1287 1330 1352 1371 vel
1381 1329 1529 1371 saltem
1562 1330 1605 1371 in

114 1404 332 1455 codicibus
361 1403 511 1446 deesse.
594 1404 700 1445 Huic
741 1404 799 1445 rei
830 1418 972 1449 caussa
1002 1404 1134 1445 subsit
1161 1418 1324 1445 necesse
1352 1410 1427 1448 esf,
1499 1404 1607 1446 Satis

117 1485 310 1531 constat,
344 1478 615 1533 praenomina
658 1480 793 1532 prima
825 1485 987 1518 tantum
1026 1477 1140 1518 litera
1162 1508 1175 1531 ,
1208 1485 1361 1533 puncto
1394 1479 1607 1532 apposito,

118 1552 287 1607 notari3
323 1566 476 1591 nomon
510 1555 715 1606 integrum
738 1550 847 1591 Galli
879 1565 983 1605 ergo
1015 1550 1281 1591 scribebatur
1314 1552 1363 1591 C.
1395 1551 1604 1591 Corne-

117 1622 238 1680 lius
265 1623 493 1675 Gall-11⁵3
527 1624 644 1665 facile
675 1631 816 1664 autem
849 1624 936 1664 fieri
967 1631 1144 1678 poterat,
1177 1630 1223 1664 ut
1252 1638 1274 1663 a
1308 1623 1489 1664 librariis
1517 1623 1607 1677 pri-

117 1710 232 1736 mum
263 1696 296 1736 C
325 1711 403 1751 per
435 1696 728 1751 negligentiam
759 1697 1027 1736 omitteretur
1047 1726 1059 1749 ‚
1104 1703 1178 1737 aut
1211 1704 1255 1736 ιιι
1283 1704 1457 1751 utraque
1489 1696 1609 1737 litera

119 1768 152 1810 C
183 1770 224 1809 in
257 1783 382 1810 unam
411 1756 677 1826 coalesceret.
744 1772 805 1811 Ac
833 1769 885 1811 de
917 1769 1086 1811 Graecis
1124 1770 1293 1826 quidem
1328 1769 1609 1825 scriptoribus

118 1842 254 1886 minor
282 1841 489 1882 dubitatio
519 1851 603 1894 est,
633 1843 788 1897 quibus
817 1843 859 1884 id
889 1844 1087 1883 usitatum
1115 1843 1197 1895 sit,
1229 1850 1274 1884 ut
1304 1843 1455 1883 omisso
1485 1856 1610 1897 prae-

119 1913 288 1968 nomine
315 1920 359 1955 et
401 1915 568 1956 nomine
616 1914 826 1972 gentilicio
867 1917 1130 1971 postposito,
1172 1916 1384 1960 Romanos
1423 1915 1611 1959 homines

118 1978 397 2043 designarent.

228 2059 356 2102 Plura
386 2059 512 2103 huius
540 2048 600 2103 rei
630 2061 825 2103 habemus
847 2062 1029 2118 exempla
1049 2077 1061 2116 3
1081 2076 1190 2102 -nam
1222 2062 1477 2104 Cornelii
1509 2062 1608 2104 Ne-

122 2119 278 2188 potis
323 2148 575 2188 praenomen
607 2150 690 2176 non
736 2140 865 2191 magis
909 2150 1034 2189 quam
1074 2136 1206 2175 nostri
1250 2142 1364 2175 certe
1405 2138 1612 2177 novimus.

117 2197 262 2249 Fuisse
290 2207 480 2259 Gaius,
509 2209 670 2263 primus
701 2208 919 2250 contendit
946 2209 1026 2249 Mu
1045 2215 1171 2250 retu
1189 2223 1207 2249 s
1239 2197 1396 2263 epist.
1427 2223 1470 2262 2,
1490 2225 1542 2265 7.,
1567 2216 1610 2250 et

119 2281 400 2321 assentiuntur
431 2282 496 2332 ei,
534 2281 648 2335 quod
675 2284 803 2321 sciam
824 2312 836 2333 ,
880 2283 1045 2335 plurimi
1078 2282 1153 2321 viri
1180 2282 1329 2333 ›docti3
1377 2297 1470 2321 nam
1501 2295 1610 2337 quae

126 2352 354 2395 Muellerus
379 2353 821 2396 historiscb-kritiscbe
848 2356 958 2401 Einl.
989 2356 1038 2398 T.
1054 2370 1092 2395 2.
1124 2371 1163 2412 p.
1179 2356 1275 2397 301.
1306 2354 1436 2406 affert,
1474 2355 1611 2396 minus

120 2434 232 2467 recta
264 2426 364 2467 mihi
398 2427 596 2469 videntur
633 2443 729 2470 esse.
806 2430 889 2470 Nec
928 2427 1113 2469 dissimili
1142 2428 1304 2467 ratione
1332 2427 1494 2467 Albii
1522 2428 1611 2468 Ti-

122 2498 276 2540 bulli
323 2514 574 2555 praenomen
621 2502 832 2542 Aulum
868 2516 944 2556 per
983 2501 1320 2541 coniunctionem
1368 2499 1518 2541 literae
1558 2503 1610 2554 A',

122 2572 186 2615 bis
217 2574 371 2628 positae
391 2604 402 2624 ‚
438 2589 461 2616 e
491 2573 703 2634 codicibus
733 2575 925 2616 excidisse
943 2606 955 2626 ,
986 2573 1268 2630 probabiliter
1297 2574 1610 2616 Broukhousius

121 2647 280 2691 statuit.

267 2746 487 2793 scriptis
516 2746 589 2780 ill.
616 2758 651 2792 p.
695 2748 779 2788 211,
806 2747 900 2788 215,
937 2744 1040 2779 cuius
1073 2744 1292 2791 inspiciendi
1331 2744 1420 2778 mihi
1444 2748 1607 2791 potestas

265 2818 342 2842 non
367 2805 465 2842 faeta
490 2811 544 2841 est.
568 2806 618 2854 (v.
647 2806 758 2841 etiam
785 2805 922 2841 Fabr.
949 2804 1071 2840 bibl.
1098 2805 1181 2840 lat.
1208 2805 1236 2848 1,
1265 2804 1321 2848 14,
1348 2804 1406 2852 1).
