1728 3041
706 276 900 331 caput
943 276 1052 320 lv.

128 396 199 466 De
231 399 512 443 institutione
539 395 688 454 Galli,
739 401 838 443 eius
872 399 1090 442 amicitiis
1121 402 1167 442 et
1198 399 1358 455 privm‘s
1389 397 1622 442 literarum

502 492 793 534 monumentis
810 523 821 544 ‚
853 502 967 547 quae
997 488 1264 533 condiderit.

243 629 364 681 Quae
394 627 447 669 de
480 629 526 672 C.
556 629 738 672 Cornelii
770 629 877 672 Galli
912 631 995 670 vita
1031 629 1249 678 novimus,
1280 642 1325 668 ea
1359 628 1450 672 fere
1483 629 1626 669 omnia

127 701 180 742 ad
203 709 445 757 postremos
475 704 623 747 aetatis
652 718 787 746 anuos
806 704 1047 760 pertinent·²
1079 717 1187 760 quae
1218 701 1330 742 enim
1361 701 1521 754 fecerit,
1550 717 1626 744 an-

126 781 298 829 tequam
346 775 387 815 in
420 775 605 816 Caesaris
641 776 863 816 Octaviani
910 775 1137 815 amicitiam
1161 771 1355 829 ‘receptus
1393 776 1467 827 sit,
1503 790 1548 831 ea
1578 790 1626 822 ex

128 847 189 887 his
215 847 278 897 vel
312 846 393 887 illis
421 846 582 888 laciniis
611 848 757 888 coniici
791 854 832 890 et
860 838 974 903 quasi
1008 847 1151 888 consui
1181 853 1345 890 tantum
1375 855 1560 902 possunt.

242 918 350 960 Satis
379 919 550 960 honeste
577 927 615 960 et
661 919 887 960 liberaliter
920 920 1121 970 educatus
1151 926 1194 960 et
1220 920 1431 961 institutus
1462 920 1628 981 videtur

131 1005 233 1041 esse,
266 1006 353 1031 non
387 993 496 1031 enim
529 1006 574 1031 ex
605 992 772 1031 sordida
805 992 1066 1032 institutione
1109 992 1248 1033 evadit
1284 993 1377 1047 quis
1407 994 1534 1048 poesi,
1565 993 1628 1034 fa·

131 1048 300 1113 cundia,
331 1060 551 1115 prudentia
581 1062 622 1101 in
660 1063 783 1103 rebus
816 1070 858 1103 ct
889 1062 1083 1103 civilibus
1112 1070 1151 1103 et
1189 1064 1346 1105 bellicis
1374 1065 1631 1120 praeclarus.

130 1135 243 1174 Tum
272 1142 409 1175 autem
441 1134 575 1174 Gallia
604 1135 911 1184 Narbonensis,
947 1135 989 1174 in
1022 1149 1104 1189 qua
1136 1142 1257 1175 natus
1287 1142 1404 1186 erat,
1433 1133 1626 1194 ”recede-2

130 1208 207 1248 bat
238 1221 261 1247 a
289 1206 405 1248 cultu
434 1206 619 1248 barbaro
641 1239 653 1259 ,
691 1215 730 1247 et
762 1209 892 1262 magis
925 1207 976 1248 ad
1008 1209 1245 1248 Romanum
1284 1223 1404 1249 usum
1436 1207 1630 1249 humani-

132 1289 347 1336 tatemque
378 1295 464 1321 sese
507 1280 747 1336 applicabat
787 1281 980 1335 (testibus
1016 1282 1160 1321 strab.
1192 1281 1220 1324 l.
1252 1280 1294 1334 4,
1328 1297 1370 1336 ρ.
1408 1282 1483 1323 152
1516 1284 1630 1333 Cas„

134 1355 251 1395 Suet.
280 1354 331 1394 de
362 1353 513 1397 illustr.
544 1368 719 1408 gramm.
750 1354 805 1404 33
835 1355 934 1398 Tac.
971 1354 1070 1409 Agr.
1104 1354 1157 1405 4).
1218 1356 1387 1395 Mature
1415 1361 1554 1396 tamen
1588 1356 1630 1395 in

134 1426 295 1467 ltaliam
317 1426 489 1477 venisse,
526 1427 786 1481 Virgilioque
816 1423 1042 1466 innotuisse
1063 1427 1241 1476 videtur,
1273 1427 1305 1467 si
1336 1427 1503 1482 quidem
1524 1428 1634 1480 apud

134 1501 168 1541 P
187 1516 208 1541 r
223 1516 248 1540 o
262 1501 290 1541 b
305 1516 385 1541 um
418 1515 441 1555 g
459 1514 514 1540 ra
534 1515 572 1540 m
590 1516 627 1540 m
643 1517 662 1539 a
680 1509 694 1540 t
712 1502 720 1540 i
735 1517 756 1540 c
770 1517 795 1541 u
813 1516 850 1540 m
874 1499 1183 1554 condiscipulus
1204 1500 1291 1540 eius
1309 1500 1438 1543 audit.
1469 1486 1630 1551 Quodsi

133 1574 212 1614 hoc
244 1574 528 1613 testimonium
561 1573 817 1612 conferimus
864 1588 961 1612 cum
992 1572 1154 1626 Virgilii
1186 1574 1324 1627 ecloga
1358 1574 1444 1622 VL,
1477 1574 1631 1612 Varo

138 1647 364 1700 inscripta,
396 1646 600 1700 imprimis
638 1646 731 1685 inde
765 1661 787 1684 a
822 1660 876 1686 vs.
905 1645 985 1697 64,
1035 1645 1133 1685 inde
1176 1660 1260 1684 non
1296 1644 1629 1701 improbabiliter

134 1719 330 1759 concludi
364 1702 483 1773 posse
513 1719 676 1757 videtur
696 1747 707 1767 ,
760 1717 927 1756 Gallum
947 1717 1055 1755 ‘una
1100 1731 1196 1756 cum
1226 1716 1339 1756 Varo
1368 1716 1632 1771 Virgilioque

138 1794 164 1833 S
184 1792 384 1849 yronis
403 1821 415 1844 ,
461 1790 701 1847 philosophi
735 1805 756 1830 c
785 1797 893 1829 secta
925 1788 1137 1844 Epicurea
1163 1819 1175 1838 ,
1205 1803 1311 1844 quae
1342 1787 1413 1828 illo
1444 1794 1634 1843 tempore

138 1867 291 1907 multos
331 1865 440 1920 apud
471 1866 682 1904 Romanos
727 1862 897 1902 asseclas
927 1862 1093 1911 habuit,
1140 1861 1357 1916 disciplina
1385 1875 1502 1901 usum
1536 1876 1635 1907 esse.

137 1940 214 1981 Illo
245 1939 357 1979 enim
387 1939 596 1988 carmine,
637 1920 720 1990 quo
750 1937 866 1989 poeta
893 1934 1082 1977 Silenum
1126 1933 1178 1974 de
1208 1948 1351 1974 rerum
1397 1932 1637 1988 primordiis

141 2019 379 2053 cantantem
425 2011 570 2064 fingit,
628 2009 939 2063 Epicureorum
986 2007 1135 2061 placita
1177 2007 1229 2046 de
1283 2021 1425 2047 rerum
1476 2008 1638 2061 origine

141 2099 331 2139 nexuque
358 2083 537 2132 referri,
574 2083 773 2136 Varoque
804 2081 845 2121 id
878 2081 1126 2134 inscriptum
1177 2093 1289 2130 esse,
1340 2081 1436 2134 quia
1481 2081 1512 2119 is
1543 2094 1638 2120 cum

140 2165 262 2213 poeta
291 2157 464 2212 Syronis
494 2155 645 2195 scholis
676 2153 853 2204 affuerit,
883 2161 1232 2193 commentatores
1262 2159 1422 2192 veteres
1450 2152 1638 2193 tradunt.

141 2211 240 2285 Qui-o
273 2233 313 2271 in
344 2229 535 2278 carmine
564 2242 694 2284 quum
725 2226 879 2266 mentio
905 2225 1135 2266 honorifica
1169 2232 1211 2266 et
1241 2227 1341 2267 satis
1373 2225 1507 2280 ampla
1532 2223 1641 2264 Galli

146 2305 230 2355 fiat,
269 2310 350 2352 (vs.
384 2303 440 2353 64
471 2308 584 2356 sqq,)
616 2300 815 2342 videntur
845 2301 928 2339 duo
959 2308 1070 2339 certe
1098 2299 1195 2338 inde
1224 2301 1439 2353 consequi,
1468 2305 1509 2338 et
1541 2297 1642 2337 Gal-

147 2377 233 2416 lum
268 2376 500 2415 arctissimo
531 2374 738 2413 amicitiae
772 2373 938 2411 vinculo
973 2386 1065 2411 cum
1096 2372 1210 2411 Varo
1238 2372 1441 2418 iunctum,
1475 2378 1514 2410 ct
1547 2385 1643 2410 eum

145 2429 433 2504 'philosophiae
466 2447 698 2500 Epicureae
732 2444 943 2484 addictum
974 2443 1109 2488 fuisse.
1168 2443 1294 2484 Unde
1324 2444 1433 2483 enim
1463 2456 1643 2483 comme-

147 2523 330 2562 moratio
362 2516 432 2561 illa'
466 2520 643 2559 hominis
684 2519 767 2557 vivi
800 2526 841 2557 et
860 2516 1058 2576 *aequalis
1087 2519 1129 2557 in
1160 2517 1296 2556 medio
1323 2517 1558 2558 fabularum
1580 2545 1592 2567 ‚
1624 2531 1647 2555 e

147 2594 358 2637 sententia
376 2593 683 2648 Epicureorum
716 2591 1007 2644 expositarum,
1042 2604 1167 2640 nexu,
1201 2590 1275 2629 nisi
1307 2604 1353 2629 ea
1382 2604 1443 2629 res
1474 2590 1522 2628 ad
1546 2586 1648 2627 Gal-

152 2671 239 2710 lum
272 2668 540 2723 pertinuerit.
603 2667 666 2705 De
693 2656 812 2713 aliis,
846 2678 951 2718 quae
981 2677 1027 2702 ex
1058 2662 1134 2703 hac
1164 2663 1303 2719 ecloga
1337 2664 1426 2703 elici
1458 2665 1649 2715 possunt3

150 2746 190 2785 in
222 2742 351 2784 altera
384 2747 501 2798 parte
524 2741 734 2782 disseram.
798 2736 1176 2792 QuodsiVirgilins
1205 2734 1514 2792 condiscipulus
1540 2734 1652 2776 Galli
