1728 3041
691 71 1023 118 „13⁶

120 205 222 248 illud
254 208 352 247 vero
374 204 648 246 Narbonense
678 207 761 241 no'n
794 214 880 241 uno
901 200 1145 255 cognomine
1171 199 1283 255 apud
1316 207 1477 240 veteres
1499 200 1601 240 scri-

118 288 259 337 ptores
287 280 340 320 ab
364 277 445 320 boc
477 277 773 332 distinguatur.
833 272 900 315 Ad
947 288 1055 329 quae
1091 273 1181 315 hoc·
1211 270 1443 327 respondeo
1463 305 1475 325 ,
1516 272 1604 315 salli

117 346 300 392 omnino*
318 350 453 391 virum
482 347 601 387 illum
633 354 673 387 et
702 361 823 387 caeco
854 346 1014 402 patriae
1044 358 1183 386 amore
1214 349 1381 400 captu'm
1411 351 1604 399 tempora

118 425 228 466 inter
256 437 300 464 se
326 419 595 465 commutare.
655 420 761 460 Nam
784 419 923 461 medio
948 417 1251 475 quidem'aevo
1281 419 1385 461 urbs
1412 419 1604 461 Friaul

117 498 178 547 (F
192 498 244 539 ri
267 497 369 545 uli)
403 500 553 550 magno
579 494 787 550 gaudebat
817 494 987 535 nomine
1008 523 1023 543 ,
1071 500 1111 534 at
1142 494 1320 548 antiquis
1349 494 1606 549 temporibus

120 571 243 625 longe
271 568 495 610 clarissima
525 575 566 609 et
594 566 854 609 nobilissima
884 564 963 606 fuit
1005 562 1075 606 illa
1120 563 1283 606 colonia
1313 564 1610 619 Narbonensis,

119 656 231 699 quae
261 642 375 699 apud
403 642 503 685 Tae.
524 642 668 697 Agric.
694 642 739 693 4.
761 640 854 680 init.
881 646 1042 681 vetus
1061 645 1131 679 ‘et
1157 636 1417 680 illustris
1446 637 1607 693 audiat,

119 729 249 773 quum
297 716 425 757 altera
472 714 542 757 illa
591 713 658 760 vix
686 712 833 771 passim
865 713 977 755 etin
1007 718 1249 754 transcursu
1278 719 1507 754 memorata
1540 712 1608 759 sit.

122 792 191 842 (cf.
220 790 370 830 Strabo
396 798 439 841 4,
481 804 517 842 ι,
546 803 592 844 9.
621 803 663 843 p.
700 787 807 840 184).
1594 790 1596 794 “

267 862 397 914 Quod
428 874 531 903 vero
558 861 703 912 addit,
743 859 901 901 Forum
936 857 1030 900 Iulii
1077 856 1347 899 Narbonense
1372 858 1616 915 plerumque

122 942 239 977 certo
270 935 518 989 cognomine
546 922 673 973 fuisse
699 931 954 987 praeditum,
984 931 1027 972 id
1057 930 1274 986 quomodo
1304 932 1345 971 in
1375 945 1494 972 suam
1521 945 1611 973 rem

119 1006 224 1050 velit
252 1007 518 1062 detorquere,
549 1019 635 1047 non
666 1004 803 1046 video.
859 1004 966 1045 Nam
993 1004 1106 1058 quod
1125 1003 1435 1047 Foroiulienses
1462 1005 1613 1047 dicun-

121 1088 194 1121 tur
223 1080 530 1131 Pacenses‚
561 1076 840 1130 Classici,
870 1078 902 1117 A
922 1091 950 1117 u
968 1078 1190 1131 gustani
1211 1106 1224 1129 ‚
1264 1077 1456 1118 Narbo
1475 1092 1502 1118 n
1520 1092 1611 1120 en·

122 1167 245 1204 ses,
283 1166 331 1193 ex
361 1152 473 1204 hoc,
513 1152 557 1191 ni
591 1149 753 1202 fallor,
800 1156 997 1205 apparet,
1038 1148 1188 1191 urbem
1230 1148 1343 1190 illam
1386 1149 1539 1192 claram
1570 1159 1611 1193 et

122 1223 329 1265 illustrem
370 1223 519 1275 fuisse3
560 1236 655 1262 nam
684 1221 827 1276 parvis
866 1227 906 1261 et
950 1219 1136 1262 obscuris
1182 1220 1354 1262 urbibus
1398 1236 1498 1262 sane
1525 1237 1611 1264 non

124 1297 206 1339 tria
234 1302 469 1351 quatuorve
495 1295 741 1350 cognomina
782 1292 1011 1334 adduntur.
1073 1293 1258 1334 Tantum
1303 1296 1433 1349 igitur
1476 1295 1607 1346 abest,

124 1377 172 1412 ut
203 1371 283 1411 hoc
311 1376 560 1424 argumento
588 1369 630 1409 in
655 1382 773 1409 suam
804 1382 890 1409 rem
923 1368 1053 1422 possit
1082 1367 1141 1408 uti
1157 1399 1169 1419 ,
1214 1374 1261 1407 ut
1288 1366 1412 1423 plane
1439 1378 1610 1412 contra-

125 1445 237 1484 rium
283 1441 381 1482 inde
423 1448 653 1497 sequatur,
698 1442 1098 1495 Hieronymum
1138 1440 1419 1481 coloniam
1465 1442 1609 1484 Nar-

124 1515 441 1554 bonensem
495 1511 757 1566 intelligi
806 1510 1073 1551 voluisse.
1161 1511 1241 1552 Sed
1286 1512 1498 1555 videamus
1539 1520 1608 1556 cess'

123 1594 224 1628 tera.
254 1586 374 1637 dicit,
407 1593 569 1640 gentem
601 1585 839 1625 Corneliam
864 1583 1081 1639 Aquileiae
1099 1588 1224 1639 (ergo
1254 1584 1295 1625 in
1327 1586 1483 1627 vicinia
1503 1587 1606 1636 Fori

125 1658 239 1709 lulii)
270 1658 485 1711 floruisse,
528 1658 641 1714 quod
689 1672 711 1698 e
740 1657 1022 1698 monumentis
1054 1656 1109 1697 ibi
1161 1656 1339 1698 inventis
1391 1668 1608 1715 appareat.

124 1733 208 1775 Sed
237 1733 336 1787 quid
361 1733 458 1773 inde
488 1737 713 1788 sequetur?
771 1732 899 1784 Quid,
926 1732 960 1773 si
989 1746 1065 1773 nos
1095 1731 1484 1783 demonstrabimus,
1502 1734 1608 1774 Cor..

125 1804 280 1845 nelium
312 1803 478 1845 Gallum
510 1818 561 1843 ne
592 1806 802 1858 pertinere
839 1804 1009 1858 quidem
1041 1804 1092 1844 ad
1127 1802 1240 1844 illam
1270 1811 1433 1859 gentem
1464 1804 1615 1847 claris..

124 1879 269 1917 simam
296 1907 307 1929 ,
350 1877 424 1918 sed
454 1877 694 1917 libertinum
724 1877 879 1919 fuisse?
937 1880 1080 1932 Neque
1110 1878 1242 1918 maius
1292 1878 1453 1932 pondus
1483 1879 1605 1920 habel

125 1956 433 2005 argumentum,
463 1963 485 1989 a
518 1949 789 1991 contubernio
819 1964 913 1989 cnm
935 1949 1110 2003 Virgilio
1138 1951 1328 2004 petitum,
1356 1950 1409 1991 de
1437 1966 1522 2006 quo
1541 1954 1609 1993 in..

125 2024 188 2062 fra
220 2021 467 2062 videbimus.
524 2023 678 2062 Omnia
723 2022 847 2076 igitur
878 2029 1122 2076 argumenta
1142 2042 1178 2070 ,⁷
1202 2037 1309 2078 quae
1350 2024 1612 2066 Fontaninus

126 2094 319 2149 protulit,
352 2095 605 2147 concidunt,
636 2108 770 2150 neque
799 2093 852 2135 ab
883 2093 969 2135 ullo
997 2103 1209 2151 praeterea
1256 2095 1376 2137 video
1408 2097 1498 2139 aliis
1527 2098 1608 2140 do-

128 2169 332 2207 cumentis
361 2168 608 2207 sententiam
640 2169 723 2208 eius
766 2168 938 2209 firmari.
997 2170 1058 2209 At
1087 2183 1220 2223 neque
1250 2169 1308 2221 ii,
1336 2173 1407 2225 qui
1439 2172 1605 2213 Gallum

126 2247 318 2282 nostrum
364 2241 679 2282 Narbonensem
725 2240 852 2282 fuisse
896 2249 1090 2292 censent,
1140 2239 1361 2297 quicquain
1380 2275 1393 2296 ,
1436 2259 1520 2301 quo
1566 2248 1607 2287 id

128 2314 446 2366 demonstrent,
487 2300 695 2367 afferunt-3
726 2328 821 2354 nam
852 2328 897 2354 ex
926 2328 991 2365 eo,
1027 2314 1139 2369 quod
1169 2315 1338 2357 Gallum
1372 2319 1412 2357 in
1444 2319 1614 2360 Venetis

130 2391 272 2429 natum
300 2402 402 2442 esse,
435 2386 619 2428 nondum
649 2389 980 2431 demonstratum
1010 2396 1087 2443 est,
1117 2392 1256 2432 statim
1288 2404 1370 2431 non
1402 2393 1607 2447 sequitur,

130 2475 226 2501 eum
258 2459 569 2501 Narbonensem
611 2460 749 2504 fuisse.
808 2461 863 2501 At
907 2461 1040 2502 habeo
1087 2462 1319 2516 quaedam,
1375 2464 1527 2519 quibus
1560 2468 1610 2507 ad

130 2547 332 2586 summam
365 2547 498 2589 usque
530 2531 864 2588 probabilitatem
895 2532 996 2573 haec
1022 2534 1222 2575 sententia
1253 2535 1489 2579 adducitur.

213 2606 414 2657 Primum,
446 2607 480 2646 si
501 2621 652 2647 nomen
684 2606 818 2661 ipsum
844 2612 1074 2661 spectamus
1096 2606 1164 2654 (de
1190 2611 1463 2664 praenomine
1490 2612 1612 2651 modo

131 2679 330 2731 vidimus,
364 2679 417 2719 de
446 2680 618 2719 nomine
645 2679 853 2734 gentilicio
890 2694 983 2719 mox
1012 2679 1354 2736 disputabimus),
1385 2697 1611 2737 cognomen

134 2752 330 2792 Gallus
360 2753 468 2793 viam
500 2751 619 2792 nobis
650 2753 793 2806 praeit.
834 2754 990 2793 Notum
1023 2760 1098 2805 est,
1132 2753 1220 2794 indi
1239 2755 1453 2808 Romanis,
1484 2755 1611 2797 liber-
