1728 3041
696 92 765 105 ..-
839 72 1035 117 10...

244 201 306 242 Ut
339 200 482 243 omnia
514 200 756 242 exhauriam
777 232 788 251 ,
820 214 926 257 quae
956 201 1008 242 ad
1039 213 1188 242 nomen
1219 201 1267 242 C.
1298 202 1483 244 Cornelii
1518 200 1630 249 Galli

130 275 370 329 pertinent,
403 288 593 315 errorem
622 275 885 328 quorundam
907 276 1124 328 attingam,
1158 274 1231 330 qui
1251 290 1272 314 a
1296 275 1509 325 nonnullis
1527 278 1628 320 Ser-

132 347 188 387 vii
220 345 341 387 libris
371 360 459 387 sese
492 346 627 401 decipi
658 346 767 401 passi
799 352 912 389 sunt.
946 355 950 359 ”
986 346 1162 389 Habent
1201 347 1311 388 enim
1354 347 1414 388 illi
1445 348 1543 390 libri
1574 351 1626 391 ad

126 420 245 475 Virg.
277 419 367 464 Ecl
397 420 456 467 X,
486 434 533 472 ¹.,
566 419 694 472 „hic
725 428 814 461 est
846 421 893 465 C.
926 419 1168 461 Asinius
1200 422 1405 475 Gallus,
1441 422 1627 463 Asinii

135 493 468 549 „Pollionis
495 494 696 547 silius,
742 495 1007 550 quiante
1045 509 1244 537 omnes
1275 497 1493 552 primus
1524 497 1627 539 Ae-

126 570 319 627 „gypti
351 564 708 624 praefectus
734 569 869 611 ruit.
876 572 906 595 “
941 569 1053 610 Haec
1074 576 1626 627 etquaesequunturquum

127 643 169 683 in
201 641 444 684 Cornelium
474 641 643 684 Gallum
674 642 888 699 quadrare
911 642 1124 696 viderent,
1149 650 1423 702 putaverunt,
1457 643 1624 686 Gillum

126 722 320 757 nostrum
349 716 473 757 fuisse
501 715 631 757 mium
672 716 862 757 Asinii
905 715 1110 757 Pollio
1128 718 1241 769 nis,
1288 716 1522 759 naturalem
1559 716 1627 760 vel

126 804 207 844 per
237 789 522 845 adoptionem,
553 797 595 832 et
623 804 766 831 verum
795 804 946 830 nomen
978 803 1066 830 esse
1096 790 1142 833 C.
1175 790 1247 831 Co
1266 789 1485 831 rnelius
1514 792 1624 833 Asi-

127 879 154 904 n
172 864 224 905 iu
237 878 257 905 s
286 866 324 905 G
340 879 364 905 a
381 864 505 908 lluss.
555 864 669 920 quod
688 863 904 924 quomodo
920 864 1008 905 fieri
1035 866 1181 919 possit,
1211 879 1344 920 quum
1364 864 1500 906 Pollio
1517 865 1623 905 Cor-

126 936 284 978 nelium
314 937 486 979 Gallum
517 937 763 978 familiarem
795 951 916 979 suum
954 938 1140 979 nominet
1170 938 1269 992 (Cic.
1301 939 1421 997 epist.
1437 938 1490 980 ad
1522 937 1620 979 fam.

134 1024 201 1060 ιο,
221 1011 303 1062 52³,
333 1018 375 1052 et
404 1010 576 1052 Asinius
596 1009 757 1061 Gallus,
789 1026 814 1052 a
834 1011 982 1052 Tacito
999 1016 1166 1070 quoque
1196 1018 1451 1053 memoratus
1482 1008 1619 1065 (Anu.

126 1086 158 1136 Ι,
175 1084 218 1136 8,
243 1099 310 1138 12,
334 1085 388 1130 al.
410 1085 452 1138 l.)
468 1115 482 1138 ,
518 1085 572 1126 ad
592 1085 752 1126 Tiberii
776 1100 903 1141 usque
926 1092 1115 1140 tempora
1145 1086 1309 1135 vixerit,
1340 1086 1419 1141 ipsi
1438 1085 1618 1127 videant.

126 1158 239 1200 Vide
268 1158 398 1200 Font.
431 1173 474 1217 p.
496 1173 562 1211 ιε,
592 1159 666 1214 qui
690 1158 798 1200 idem
831 1158 939 1200 bene
967 1158 1160 1211 ostendit,
1188 1159 1401 1214 quomodo
1428 1159 1469 1200 iu
1498 1158 1621 1204 codd.
1665 1214 1669 1217 Ι

126 1231 220 1273 talis
250 1246 369 1273 error
403 1232 591 1287 irrepere
617 1233 817 1287 potuerit,
853 1247 950 1272 nam
978 1232 1170 1272 Servium
1189 1232 1278 1273 eius
1296 1239 1514 1273 auctorem
1535 1246 1620 1274 non

126 1319 233 1359 esse,
263 1312 475 1346 testantur
505 1307 534 1346 ii
564 1304 691 1356 libri,
738 1306 812 1360 qui
843 1298 1014 1346 meliora
1047 1305 1216 1346 liabent.
1281 1306 1468 1346 Similem
1500 1314 1620 1348 erro-

127 1392 249 1430 rem,
285 1379 357 1419 sed
388 1380 471 1419 iam
501 1394 525 1419 a
555 1379 654 1419 viris
688 1379 823 1419 doctis
850 1378 1077 1430 sublatum,
1107 1378 1392 1433 deprehendes
1422 1379 1464 1419 in
1503 1378 1623 1419 libris

124 1453 282 1495 Donati
316 1454 391 1513 vit.
429 1453 543 1508 Virg-
573 1456 612 1504 §.
646 1452 714 1501 38,
749 1453 949 1494 Caium
985 1453 1244 1495 Asinium
1277 1453 1620 1495 Cornelium

127 1526 353 1567 Gallum
372 1527 405 1579 ⁴)
428 1556 441 1579 ,
488 1527 561 1567 ubi
601 1528 782 1581 quisque
805 1526 920 1567 videt
953 1535 1006 1566 et
1038 1527 1304 1567 inserendum
1335 1542 1433 1569 esse.
1507 1525 1626 1567 Alios

125 1598 207 1640 hac
231 1599 271 1639 in
295 1614 342 1639 re
363 1613 525 1640 errores
554 1599 682 1640 refert
714 1599 1025 1642 Wernsdor
1042 1599 1154 1639 rius
1185 1614 1210 1654 p
1229 1614 1253 1640 o
1271 1601 1334 1643 ei.
1370 1598 1464 1639 lat.
1497 1597 1619 1641 min.

129 1674 183 1717 T.
216 1674 289 1712 111.
324 1688 363 1726 p.
401 1673 492 1716 183.
552 1673 633 1711 Sed
664 1687 727 1712 res
760 1680 846 1714 tam
877 1681 1023 1726 aperta
1054 1681 1116 1712 est
1136 1703 1148 1724 ,
1187 1680 1234 1712 ut
1262 1671 1367 1711 nihil
1399 1671 1517 1711 dubii
1547 1685 1616 1711 re..

126 1752 239 1787 stare
268 1747 411 1800 possit,
440 1759 517 1786 nee
547 1746 773 1803 quiequam
804 1744 857 1786 de
884 1744 969 1786 hoe
995 1759 1144 1786 errore
1164 1744 1374 1799 dixissem,
1403 1744 1478 1785 nisi
1498 1742 1620 1789 multi

128 1820 206 1859 viri
238 1820 364 1869 docti,
398 1819 439 1859 in
469 1834 564 1860 eum
597 1819 770 1870 inducti,
803 1819 934 1859 multa
960 1819 1234 1869 miscuissent,
1262 1817 1522 1867 turbassent,
1555 1816 1619 1860 al..

125 1891 301 1933 lucinati
335 1900 472 1934 essent
496 1892 550 1934 de
580 1892 705 1934 Gallo
735 1899 889 1937 nostro.
947 1890 1101 1933 Videas
1132 1891 1257 1932 modo
1273 1890 1502 1931 Burmanni
1528 1891 1619 1945 opi-

127 1967 275 2007 niones
301 1981 530 2024 perversas,
564 1981 668 2023 quas
698 1966 864 2020 profert
894 1965 949 2005 ad
981 1965 1111 2019 Prop..
1150 1978 1186 2012 ι,
1212 1962 1255 2014 5,
1280 1977 1314 2004 ι.
1348 1963 1416 2015 (cst
1446 1962 1619 2005 Antinoi.

128 2038 202 2080 lat.
238 2053 271 2089 1,
302 2054 367 2093 ep.
404 2039 496 2095 176.
531 2055 570 2094 p.
600 2040 711 2091 355.)
730 2070 742 2090 ,
772 2040 844 2093 qui
878 2038 934 2079 ita
964 2037 1018 2078 de
1038 2037 1117 2077 hac
1146 2050 1195 2077 re
1224 2036 1433 2094 loquitur,
1466 2042 1513 2077 ut
1538 2050 1617 2090 ap..

129 2120 273 2166 pareat
287 2144 301 2164 ,
329 2127 425 2152 eum
460 2113 495 2153 F
497 2112 686 2153 ontanini
716 2111 1050 2151 dissertationem
1078 2124 1130 2149 ne
1157 2123 1274 2151 nosse
1302 2108 1485 2163 quidem.
1537 2109 1621 2149 No.-

128 2185 193 2225 bis
223 2199 322 2225 vero
346 2185 448 2225 baec
477 2186 649 2227 crambe
679 2183 903 2239 repetenda
931 2190 1051 2234 erat,
1106 2197 1158 2225 ne
1188 2182 1287 2226 novi
1317 2181 1548 2224 Burmanni
1578 2182 1621 2223 in

132 2273 260 2301 novos
290 2272 452 2298 errores
484 2257 824 2312 prolaberentur.
1300 2253 1304 2255 “

243 2332 289 2370 ld
331 2346 431 2373 sane
472 2330 549 2371 hae
587 2330 868 2385 disputatione
914 2329 1113 2370 evicimus
1145 2336 1186 2369 et
1215 2329 1334 2369 novis
1365 2325 1620 2383 argumentis

213 2449 251 2497 4)
275 2449 490 2494 Legendnm
513 2449 658 2484 scilicet
685 2454 741 2483 est
772 2448 811 2482 C.
838 2447 1066 2482 Asinium
1092 2452 1142 2481 et
1170 2445 1467 2482 Cornelium
1497 2444 1529 2478 G
1547 2445 1619 2478 al-

269 2515 375 2549 lum.
425 2513 498 2550 Sed.
523 2520 563 2549 ut
584 2513 661 2548 -hoc
687 2514 728 2550 in
755 2519 965 2550 transcursu
991 2523 1184 2552 moneam,
1210 2510 1357 2547 videtur
1384 2509 1444 2546 hic
1469 2520 1620 2557 quoque

264 2579 369 2614 locus
394 2589 619 2624 praenomen
643 2579 755 2612 Gaii
787 2578 900 2611 Gallo,
936 2577 1140 2611 vindicare.
1190 2575 1279 2608 Nam
1311 2586 1425 2621 (μιιιιιι
1453 2574 1619 2608 Donatus

262 2642 388 2677 dicere
414 2641 627 2677 debuisset:
656 2643 693 2676 C.
716 2642 879 2677 Asinium
907 2640 1058 2674 Gallum
1084 2644 1122 2673 et
1153 2638 1192 2672 C.
1222 2638 1435 2673 Cornelium
1460 2636 1621 2677 Gallum,

266 2720 312 2741 ne
336 2708 456 2741 otiosa
487 2706 595 2740 verba
625 2711 821 2752 repeteret,
846 2706 885 2739 in
914 2705 1032 2739 altero
1060 2715 1279 2750 cognomen,
1308 2704 1348 2738 in
1372 2702 1490 2736 altero
1510 2712 1619 2747 prae-

269 2783 405 2805 nomen
433 2770 568 2805 omisit.
