<?xml version="1.0" encoding="UTF-8"?>
<!DOCTYPE html PUBLIC "-//W3C//DTD XHTML 1.0 Transitional//EN"
    "http://www.w3.org/TR/xhtml1/DTD/xhtml1-transitional.dtd">
<html xmlns="http://www.w3.org/1999/xhtml" xml:lang="en" lang="en">
 <head>
  <title>
</title>
<meta http-equiv="Content-Type" content="text/html;charset=utf-8" />
  <meta name='ocr-system' content='tesseract 3.04.00' />
  <meta name='ocr-capabilities' content='ocr_page ocr_carea ocr_par ocr_line ocrx_word'/>
</head>
<body>
  <div class='ocr_page' id='page_1' title='image "4737208_0049.png"; bbox 0 0 1728 3041; ppageno 0'>
   <div class='ocr_carea' id='block_1_1' title="bbox 691 91 1079 157">
    <p class='ocr_par' dir='ltr' id='par_1_1' title="bbox 691 91 1079 157">
     <span class='ocr_line' id='line_1_1' title="bbox 691 91 1079 157; baseline 0.003 -22"><span class='ocrx_word' id='word_1_1' title='bbox 691 91 1079 157; x_wconf 24' lang='lat'>——38—·</span> 
     </span>
    </p>
   </div>
   <div class='ocr_carea' id='block_1_2' title="bbox 92 206 1630 2823">
    <p class='ocr_par' dir='ltr' id='par_1_2' title="bbox 92 206 1598 1435">
     <span class='ocr_line' id='line_1_2' title="bbox 211 206 1592 273; baseline -0.001 -14"><span class='ocrx_word' id='word_1_2' title='bbox 211 220 389 259; x_wconf 83' lang='lat' dir='ltr'>Dionem</span> <span class='ocrx_word' id='word_1_3' title='bbox 426 217 607 272; x_wconf 84' lang='lat' dir='ltr'>excipiat</span> <span class='ocrx_word' id='word_1_4' title='bbox 636 218 752 261; x_wconf 82' lang='lat' dir='ltr'>Suet.</span> <span class='ocrx_word' id='word_1_5' title='bbox 781 220 889 273; x_wconf 80' lang='lat' dir='ltr'>Aug.</span> <span class='ocrx_word' id='word_1_6' title='bbox 921 216 991 271; x_wconf 81' lang='lat'>66,</span> <span class='ocrx_word' id='word_1_7' title='bbox 1018 206 1091 273; x_wconf 70' lang='lat' dir='ltr'>qui</span> <span class='ocrx_word' id='word_1_8' title='bbox 1122 218 1178 258; x_wconf 82' lang='lat' dir='ltr'>ita</span> <span class='ocrx_word' id='word_1_9' title='bbox 1210 218 1373 259; x_wconf 83' lang='lat' dir='ltr'>scribit:</span> <span class='ocrx_word' id='word_1_10' title='bbox 1405 220 1505 270; x_wconf 84' lang='lat' dir='ltr'>„Ga</span> <span class='ocrx_word' id='word_1_11' title='bbox 1522 221 1530 259; x_wconf 98' lang='grc' dir='ltr'>Ι</span> <span class='ocrx_word' id='word_1_12' title='bbox 1546 220 1592 259; x_wconf 91' lang='lat' dir='ltr'>lo</span> 
     </span>
     <span class='ocr_line' id='line_1_3' title="bbox 95 291 1593 347; baseline -0.001 -14"><span class='ocrx_word' id='word_1_13' title='bbox 95 292 163 333; x_wconf 92' lang='lat' dir='ltr'>ob</span> <span class='ocrx_word' id='word_1_14' title='bbox 204 292 564 333; x_wconf 83' lang='lat' dir='ltr'>malevolum</span> <span class='ocrx_word' id='word_1_15' title='bbox 601 298 660 333; x_wconf 86' lang='lat' dir='ltr'>et</span> <span class='ocrx_word' id='word_1_16' title='bbox 703 291 1019 347; x_wconf 81' lang='lat' dir='ltr'>ingratum</span> <span class='ocrx_word' id='word_1_17' title='bbox 1060 293 1314 333; x_wconf 85' lang='lat' dir='ltr'>animum</span> <span class='ocrx_word' id='word_1_18' title='bbox 1342 292 1509 334; x_wconf 85' lang='lat' dir='ltr'>domo</span> <span class='ocrx_word' id='word_1_19' title='bbox 1539 300 1593 333; x_wconf 87' lang='lat' dir='ltr'>et</span> 
     </span>
     <span class='ocr_line' id='line_1_4' title="bbox 94 365 1594 421; baseline -0.001 -15"><span class='ocrx_word' id='word_1_20' title='bbox 94 367 336 420; x_wconf 88' lang='lat' dir='ltr'>provinc</span> <span class='ocrx_word' id='word_1_21' title='bbox 356 365 427 405; x_wconf 83' lang='lat' dir='ltr'>ii&#39;s</span> <span class='ocrx_word' id='word_1_22' title='bbox 457 366 577 406; x_wconf 89' lang='lat' dir='ltr'>suis</span> <span class='ocrx_word' id='word_1_23' title='bbox 610 365 663 404; x_wconf 89' lang='lat' dir='ltr'>in</span> <span class='ocrx_word' id='word_1_24' title='bbox 684 365 956 409; x_wconf 74' lang='lat' dir='ltr'>ten-dixit.</span> <span class='ocrx_word' id='word_1_25' title='bbox 1015 366 1125 407; x_wconf 88' lang='lat' dir='ltr'>Sed</span> <span class='ocrx_word' id='word_1_26' title='bbox 1161 365 1343 407; x_wconf 87' lang='lat' dir='ltr'>Gallo</span> <span class='ocrx_word' id='word_1_27' title='bbox 1374 380 1594 421; x_wconf 89' lang='lat' dir='ltr'>quoque</span> 
     </span>
     <span class='ocr_line' id='line_1_5' title="bbox 93 431 1593 482; baseline 0 -3"><span class='ocrx_word' id='word_1_28' title='bbox 93 445 144 479; x_wconf 88' lang='lat' dir='ltr'>et</span> <span class='ocrx_word' id='word_1_29' title='bbox 173 445 417 480; x_wconf 77' lang='lat' dir='ltr'>accusat</span> <span class='ocrx_word' id='word_1_30' title='bbox 437 453 462 479; x_wconf 93' lang='lat' dir='ltr'>o</span> <span class='ocrx_word' id='word_1_31' title='bbox 482 453 502 478; x_wconf 92' lang='lat' dir='ltr'>r</span> <span class='ocrx_word' id='word_1_32' title='bbox 522 452 548 479; x_wconf 92' lang='lat' dir='ltr'>u</span> <span class='ocrx_word' id='word_1_33' title='bbox 573 453 611 478; x_wconf 91' lang='lat' dir='ltr'>m</span> <span class='ocrx_word' id='word_1_34' title='bbox 649 431 1209 481; x_wconf 81' lang='lat' dir='ltr'>denuntiationibus</span> <span class='ocrx_word' id='word_1_35' title='bbox 1239 447 1304 482; x_wconf 51' lang='lat' dir='ltr'>et*</span> <span class='ocrx_word' id='word_1_36' title='bbox 1330 446 1533 480; x_wconf 83' lang='lat' dir='ltr'>senatu</span> <span class='ocrx_word' id='word_1_37' title='bbox 1552 454 1593 479; x_wconf 90' lang='lat' dir='ltr'>s·</span> 
     </span>
     <span class='ocr_line' id='line_1_6' title="bbox 93 511 1594 567; baseline 0 -16"><span class='ocrx_word' id='word_1_38' title='bbox 93 512 395 552; x_wconf 79' lang='lat' dir='ltr'>consultis</span> <span class='ocrx_word' id='word_1_39' title='bbox 436 511 503 552; x_wconf 88' lang='lat' dir='ltr'>ad</span> <span class='ocrx_word' id='word_1_40' title='bbox 536 525 734 553; x_wconf 83' lang='lat' dir='ltr'>necem</span> <span class='ocrx_word' id='word_1_41' title='bbox 769 511 1117 567; x_wconf 69' lang='lat' dir='ltr'>compulso,</span> <span class='ocrx_word' id='word_1_42' title='bbox 1148 512 1428 553; x_wconf 84' lang='lat' dir='ltr'>laudavit</span> <span class='ocrx_word' id='word_1_43' title='bbox 1470 513 1594 566; x_wconf 88' lang='lat' dir='ltr'>qui-</span> 
     </span>
     <span class='ocr_line' id='line_1_7' title="bbox 93 584 1593 641; baseline -0.001 -16"><span class='ocrx_word' id='word_1_44' title='bbox 93 584 121 625; x_wconf 88' lang='lat' dir='ltr'>d</span> <span class='ocrx_word' id='word_1_45' title='bbox 144 598 226 626; x_wconf 86' lang='lat' dir='ltr'>em</span> <span class='ocrx_word' id='word_1_46' title='bbox 255 585 543 640; x_wconf 86' lang='lat' dir='ltr'>pietatem,</span> <span class='ocrx_word' id='word_1_47' title='bbox 572 593 886 641; x_wconf 78' lang='lat' dir='ltr'><strong>tantopere</strong></span> <span class='ocrx_word' id='word_1_48' title='bbox 914 599 1012 641; x_wconf 85' lang='lat' dir='ltr'>pro</span> <span class='ocrx_word' id='word_1_49' title='bbox 1039 600 1096 626; x_wconf 92' lang='lat' dir='ltr'>se</span> <span class='ocrx_word' id='word_1_50' title='bbox 1124 586 1286 640; x_wconf 79' lang='lat' dir='ltr'>indig</span> <span class='ocrx_word' id='word_1_51' title='bbox 1307 593 1433 626; x_wconf 85' lang='lat' dir='ltr'>nant</span> <span class='ocrx_word' id='word_1_52' title='bbox 1452 585 1461 626; x_wconf 92' lang='lat' dir='ltr'>i</span> <span class='ocrx_word' id='word_1_53' title='bbox 1480 585 1593 637; x_wconf 62' lang='lat' dir='ltr'>ulm‘3</span> 
     </span>
     <span class='ocr_line' id='line_1_8' title="bbox 92 656 1593 714; baseline -0.001 -16"><span class='ocrx_word' id='word_1_54' title='bbox 92 665 357 699; x_wconf 88' lang='lat' dir='ltr'>ceterum</span> <span class='ocrx_word' id='word_1_55' title='bbox 392 664 450 698; x_wconf 89' lang='lat' dir='ltr'>et</span> <span class='ocrx_word' id='word_1_56' title='bbox 496 657 922 714; x_wconf 82' lang='lat' dir='ltr'>illacrymavit</span> <span class='ocrx_word' id='word_1_57' title='bbox 952 672 974 697; x_wconf 94' lang='lat' dir='ltr'>e</span> <span class='ocrx_word' id='word_1_58' title='bbox 995 663 1013 698; x_wconf 84' lang='lat' dir='ltr'>t</span> <span class='ocrx_word' id='word_1_59' title='bbox 1060 658 1239 697; x_wconf 80' lang='lat' dir='ltr'>vicem</span> <span class='ocrx_word' id='word_1_60' title='bbox 1273 671 1423 698; x_wconf 81' lang='lat' dir='ltr'>suam</span> <span class='ocrx_word' id='word_1_61' title='bbox 1468 656 1593 697; x_wconf 81' lang='lat' dir='ltr'>con..</span> 
     </span>
     <span class='ocr_line' id='line_1_9' title="bbox 95 714 1598 786; baseline 0.001 -16"><span class='ocrx_word' id='word_1_62' title='bbox 95 740 309 786; x_wconf 78' lang='lat' dir='ltr'>questu</span> <span class='ocrx_word' id='word_1_63' title='bbox 332 746 350 772; x_wconf 89' lang='lat' dir='ltr'>s</span> <span class='ocrx_word' id='word_1_64' title='bbox 383 738 475 782; x_wconf 91' lang='lat' dir='ltr'>est,</span> <span class='ocrx_word' id='word_1_65' title='bbox 508 731 648 786; x_wconf 85' lang='lat' dir='ltr'>quod</span> <span class='ocrx_word' id='word_1_66' title='bbox 679 730 789 771; x_wconf 89' lang='lat' dir='ltr'>sibi</span> <span class='ocrx_word' id='word_1_67' title='bbox 824 741 924 771; x_wconf 82' lang='lat' dir='ltr'>non</span> <span class='ocrx_word' id='word_1_68' title='bbox 959 732 1160 771; x_wconf 69' lang='lat' dir='ltr'>liceret</span> <span class='ocrx_word' id='word_1_69' title='bbox 1187 759 1200 782; x_wconf 83' lang='lat'><em>‚</em></span> <span class='ocrx_word' id='word_1_70' title='bbox 1231 745 1253 771; x_wconf 87' lang='lat' dir='ltr'>a</span> <span class='ocrx_word' id='word_1_71' title='bbox 1272 714 1440 771; x_wconf 68' lang='lat' dir='ltr'>micis</span> <span class='ocrx_word' id='word_1_72' title='bbox 1465 718 1598 785; x_wconf 34' lang='lat' dir='ltr'>qua-</span> 
     </span>
     <span class='ocr_line' id='line_1_10' title="bbox 97 801 1594 856; baseline -0.002 -12"><span class='ocrx_word' id='word_1_73' title='bbox 97 813 187 844; x_wconf 91' lang='lat' dir='ltr'>ten</span> <span class='ocrx_word' id='word_1_74' title='bbox 211 819 235 843; x_wconf 92' lang='lat' dir='ltr'>u</span> <span class='ocrx_word' id='word_1_75' title='bbox 255 819 274 844; x_wconf 90' lang='lat' dir='ltr'>s</span> <span class='ocrx_word' id='word_1_76' title='bbox 314 817 339 844; x_wconf 89' lang='lat' dir='ltr'>v</span> <span class='ocrx_word' id='word_1_77' title='bbox 354 803 403 843; x_wconf 90' lang='lat' dir='ltr'>el</span> <span class='ocrx_word' id='word_1_78' title='bbox 423 802 502 842; x_wconf 86' lang='lat' dir='ltr'>let</span> <span class='ocrx_word' id='word_1_79' title='bbox 542 803 593 842; x_wconf 91' lang='lat' dir='ltr'>ir</span> <span class='ocrx_word' id='word_1_80' title='bbox 608 817 661 842; x_wconf 87' lang='lat' dir='ltr'>as</span> <span class='ocrx_word' id='word_1_81' title='bbox 678 817 700 842; x_wconf 92' lang='lat' dir='ltr'>c</span> <span class='ocrx_word' id='word_1_82' title='bbox 717 803 781 842; x_wconf 72' lang='lat' dir='ltr'>i.⁴‘</span> <span class='ocrx_word' id='word_1_83' title='bbox 836 802 954 842; x_wconf 82' lang='lat' dir='ltr'>&#39;idem</span> <span class='ocrx_word' id='word_1_84' title='bbox 994 802 1046 842; x_wconf 87' lang='lat' dir='ltr'>de</span> <span class='ocrx_word' id='word_1_85' title='bbox 1082 801 1210 842; x_wconf 90' lang='lat' dir='ltr'>illust.</span> <span class='ocrx_word' id='word_1_86' title='bbox 1241 817 1306 856; x_wconf 82' lang='lat' dir='ltr'>gr.</span> <span class='ocrx_word' id='word_1_87' title='bbox 1341 802 1403 843; x_wconf 84' lang='lat'>16.</span> <span class='ocrx_word' id='word_1_88' title='bbox 1439 809 1594 853; x_wconf 85' lang='lat' dir='ltr'>narrat,</span> 
     </span>
     <span class='ocr_line' id='line_1_11' title="bbox 96 873 1590 929; baseline 0 -15"><span class='ocrx_word' id='word_1_89' title='bbox 96 877 150 927; x_wconf 82' lang='lat' dir='ltr'>Q.</span> <span class='ocrx_word' id='word_1_90' title='bbox 180 875 406 915; x_wconf 86' lang='lat' dir='ltr'>Caecilium</span> <span class='ocrx_word' id='word_1_91' title='bbox 439 874 664 929; x_wconf 81' lang='lat' dir='ltr'>Epirotam</span> <span class='ocrx_word' id='word_1_92' title='bbox 678 901 689 921; x_wconf 87' lang='lat'>,</span> <span class='ocrx_word' id='word_1_93' title='bbox 738 873 938 913; x_wconf 85' lang='lat' dir='ltr'>libertum</span> <span class='ocrx_word' id='word_1_94' title='bbox 972 874 1130 925; x_wconf 82' lang='lat' dir='ltr'>Attici,</span> <span class='ocrx_word' id='word_1_95' title='bbox 1173 888 1304 928; x_wconf 87' lang='lat' dir='ltr'>quum</span> <span class='ocrx_word' id='word_1_96' title='bbox 1346 874 1474 913; x_wconf 81' lang='lat' dir='ltr'>filiam</span> <span class='ocrx_word' id='word_1_97' title='bbox 1514 889 1590 929; x_wconf 80' lang='lat' dir='ltr'>pa-</span> 
     </span>
     <span class='ocr_line' id='line_1_12' title="bbox 95 945 1594 1001; baseline -0.001 -14"><span class='ocrx_word' id='word_1_98' title='bbox 95 948 219 998; x_wconf 82' lang='lat' dir='ltr'>troni,</span> <span class='ocrx_word' id='word_1_99' title='bbox 252 954 425 1001; x_wconf 78' lang='lat' dir='ltr'><strong>nuptam</strong></span> <span class='ocrx_word' id='word_1_100' title='bbox 460 946 680 1000; x_wconf 77' lang='lat' dir='ltr'>Agrippae,</span> <span class='ocrx_word' id='word_1_101' title='bbox 712 945 880 985; x_wconf 84' lang='lat' dir='ltr'>doceret</span> <span class='ocrx_word' id='word_1_102' title='bbox 898 977 909 995; x_wconf 92' lang='lat'>,</span> <span class='ocrx_word' id='word_1_103' title='bbox 939 953 1173 999; x_wconf 82' lang='lat' dir='ltr'>suspectum</span> <span class='ocrx_word' id='word_1_104' title='bbox 1206 947 1246 984; x_wconf 92' lang='lat' dir='ltr'>in</span> <span class='ocrx_word' id='word_1_105' title='bbox 1280 960 1326 986; x_wconf 85' lang='lat' dir='ltr'>ca</span> <span class='ocrx_word' id='word_1_106' title='bbox 1368 952 1405 986; x_wconf 87' lang='lat' dir='ltr'>et</span> <span class='ocrx_word' id='word_1_107' title='bbox 1435 947 1489 985; x_wconf 92' lang='lat' dir='ltr'>ob</span> <span class='ocrx_word' id='word_1_108' title='bbox 1520 946 1594 985; x_wconf 88' lang='lat' dir='ltr'>hoc</span> 
     </span>
     <span class='ocr_line' id='line_1_13' title="bbox 95 1017 1595 1060; baseline -0.001 0"><span class='ocrx_word' id='word_1_109' title='bbox 95 1028 299 1060; x_wconf 86' lang='lat' dir='ltr'>remotum</span> <span class='ocrx_word' id='word_1_110' title='bbox 332 1019 383 1058; x_wconf 92' lang='lat' dir='ltr'>ad</span> <span class='ocrx_word' id='word_1_111' title='bbox 425 1020 476 1060; x_wconf 88' lang='lat' dir='ltr'>C.</span> <span class='ocrx_word' id='word_1_112' title='bbox 507 1018 748 1059; x_wconf 79' lang='lat' dir='ltr'>Cornelium</span> <span class='ocrx_word' id='word_1_113' title='bbox 779 1017 946 1058; x_wconf 82' lang='lat' dir='ltr'>Gallum</span> <span class='ocrx_word' id='word_1_114' title='bbox 992 1017 1079 1058; x_wconf 75' lang='lat' dir='ltr'>sese</span> <span class='ocrx_word' id='word_1_115' title='bbox 1116 1019 1345 1059; x_wconf 79' lang='lat' dir='ltr'>contulisse</span> <span class='ocrx_word' id='word_1_116' title='bbox 1374 1027 1415 1059; x_wconf 88' lang='lat' dir='ltr'>et</span> <span class='ocrx_word' id='word_1_117' title='bbox 1452 1020 1595 1059; x_wconf 85' lang='lat' dir='ltr'>vixisse</span> 
     </span>
     <span class='ocr_line' id='line_1_14' title="bbox 94 1088 1594 1145; baseline -0.001 -14"><span class='ocrx_word' id='word_1_118' title='bbox 94 1106 190 1131; x_wconf 76' lang='lat' dir='ltr'>cuin</span> <span class='ocrx_word' id='word_1_119' title='bbox 226 1106 275 1131; x_wconf 92' lang='lat' dir='ltr'>eo</span> <span class='ocrx_word' id='word_1_120' title='bbox 304 1090 648 1141; x_wconf 77' lang='lat' dir='ltr'>familiarissime,</span> <span class='ocrx_word' id='word_1_121' title='bbox 693 1088 822 1145; x_wconf 89' lang='lat' dir='ltr'>idque</span> <span class='ocrx_word' id='word_1_122' title='bbox 867 1091 1001 1144; x_wconf 82' lang='lat' dir='ltr'>ipsum</span> <span class='ocrx_word' id='word_1_123' title='bbox 1034 1089 1157 1130; x_wconf 81' lang='lat' dir='ltr'>Gallo</span> <span class='ocrx_word' id='word_1_124' title='bbox 1201 1092 1311 1130; x_wconf 86' lang='lat' dir='ltr'>inter</span> <span class='ocrx_word' id='word_1_125' title='bbox 1354 1090 1594 1144; x_wconf 81' lang='lat' dir='ltr'>gravissima</span> 
     </span>
     <span class='ocr_line' id='line_1_15' title="bbox 96 1162 1594 1216; baseline -0.001 -12"><span class='ocrx_word' id='word_1_126' title='bbox 96 1165 273 1204; x_wconf 87' lang='lat' dir='ltr'>crimina</span> <span class='ocrx_word' id='word_1_127' title='bbox 319 1163 372 1203; x_wconf 76' lang='lat' dir='ltr'>ab</span> <span class='ocrx_word' id='word_1_128' title='bbox 419 1164 605 1216; x_wconf 82' lang='lat' dir='ltr'>Augusto</span> <span class='ocrx_word' id='word_1_129' title='bbox 653 1162 861 1202; x_wconf 87' lang='lat' dir='ltr'>obiectum</span> <span class='ocrx_word' id='word_1_130' title='bbox 912 1176 1010 1204; x_wconf 87' lang='lat' dir='ltr'>esse.</span> <span class='ocrx_word' id='word_1_131' title='bbox 1071 1162 1199 1213; x_wconf 88' lang='lat' dir='ltr'>Quod</span> <span class='ocrx_word' id='word_1_132' title='bbox 1248 1163 1416 1203; x_wconf 82' lang='lat' dir='ltr'>abunde</span> <span class='ocrx_word' id='word_1_133' title='bbox 1453 1162 1594 1212; x_wconf 78' lang='lat' dir='ltr'>docet,</span> 
     </span>
     <span class='ocr_line' id='line_1_16' title="bbox 97 1230 1594 1292; baseline -0.001 -15"><span class='ocrx_word' id='word_1_134' title='bbox 97 1252 224 1292; x_wconf 87' lang='lat' dir='ltr'>quam</span> <span class='ocrx_word' id='word_1_135' title='bbox 256 1236 406 1276; x_wconf 85' lang='lat' dir='ltr'>iniuste</span> <span class='ocrx_word' id='word_1_136' title='bbox 442 1243 482 1275; x_wconf 91' lang='lat' dir='ltr'>et</span> <span class='ocrx_word' id='word_1_137' title='bbox 511 1235 668 1275; x_wconf 78' lang='lat' dir='ltr'>nefarie</span> <span class='ocrx_word' id='word_1_138' title='bbox 699 1234 751 1275; x_wconf 89' lang='lat' dir='ltr'>de</span> <span class='ocrx_word' id='word_1_139' title='bbox 781 1235 904 1275; x_wconf 89' lang='lat' dir='ltr'>Gallo</span> <span class='ocrx_word' id='word_1_140' title='bbox 934 1242 1072 1274; x_wconf 85' lang='lat' dir='ltr'>actum</span> <span class='ocrx_word' id='word_1_141' title='bbox 1100 1235 1180 1286; x_wconf 82' lang='lat' dir='ltr'>sit3</span> <span class='ocrx_word' id='word_1_142' title='bbox 1206 1230 1434 1290; x_wconf 73' lang='lat' dir='ltr'>apparet,</span> <span class='ocrx_word' id='word_1_143' title='bbox 1479 1236 1594 1291; x_wconf 71' lang='lat' dir='ltr'>apud</span> 
     </span>
     <span class='ocr_line' id='line_1_17' title="bbox 97 1307 1592 1363; baseline -0.001 -12"><span class='ocrx_word' id='word_1_144' title='bbox 97 1310 255 1351; x_wconf 87' lang='lat' dir='ltr'>iudices</span> <span class='ocrx_word' id='word_1_145' title='bbox 282 1310 361 1350; x_wconf 88' lang='lat' dir='ltr'>iam</span> <span class='ocrx_word' id='word_1_146' title='bbox 394 1315 599 1349; x_wconf 84' lang='lat' dir='ltr'>statutum</span> <span class='ocrx_word' id='word_1_147' title='bbox 627 1307 754 1348; x_wconf 79' lang='lat' dir='ltr'>fuisse</span> <span class='ocrx_word' id='word_1_148' title='bbox 772 1338 783 1359; x_wconf 88' lang='lat'>,</span> <span class='ocrx_word' id='word_1_149' title='bbox 838 1323 934 1348; x_wconf 86' lang='lat' dir='ltr'>eum</span> <span class='ocrx_word' id='word_1_150' title='bbox 979 1307 1193 1363; x_wconf 85' lang='lat' dir='ltr'>perdere;</span> <span class='ocrx_word' id='word_1_151' title='bbox 1241 1309 1418 1350; x_wconf 81' lang='lat' dir='ltr'>crimina</span> <span class='ocrx_word' id='word_1_152' title='bbox 1450 1316 1492 1350; x_wconf 83' lang='lat' dir='ltr'>et</span> <span class='ocrx_word' id='word_1_153' title='bbox 1520 1324 1592 1350; x_wconf 86' lang='lat' dir='ltr'>ca-</span> 
     </span>
     <span class='ocr_line' id='line_1_18' title="bbox 96 1380 1013 1435; baseline -0.005 -12"><span class='ocrx_word' id='word_1_154' title='bbox 96 1383 279 1422; x_wconf 85' lang='lat' dir='ltr'>lumniae</span> <span class='ocrx_word' id='word_1_155' title='bbox 309 1381 420 1422; x_wconf 73' lang='lat' dir='ltr'>facili</span> <span class='ocrx_word' id='word_1_156' title='bbox 456 1382 625 1435; x_wconf 78' lang='lat' dir='ltr'>negotio</span> <span class='ocrx_word' id='word_1_157' title='bbox 652 1395 741 1420; x_wconf 90' lang='lat' dir='ltr'>sese</span> <span class='ocrx_word' id='word_1_158' title='bbox 769 1380 1013 1424; x_wconf 77' lang='lat' dir='ltr'>offerebant.</span> 
     </span>
    </p>

    <p class='ocr_par' dir='ltr' id='par_1_3' title="bbox 95 1440 1630 1726">
     <span class='ocr_line' id='line_1_19' title="bbox 212 1440 1591 1508; baseline -0.001 -12"><span class='ocrx_word' id='word_1_159' title='bbox 212 1455 386 1496; x_wconf 73' lang='lat' dir='ltr'>Servius</span> <span class='ocrx_word' id='word_1_160' title='bbox 415 1453 465 1494; x_wconf 79' lang='lat' dir='ltr'>ad</span> <span class='ocrx_word' id='word_1_161' title='bbox 497 1452 617 1507; x_wconf 79' lang='lat' dir='ltr'>Virg.</span> <span class='ocrx_word' id='word_1_162' title='bbox 644 1454 734 1497; x_wconf 75' lang='lat' dir='ltr'>Ecl.</span> <span class='ocrx_word' id='word_1_163' title='bbox 765 1454 823 1504; x_wconf 87' lang='lat' dir='ltr'>X,</span> <span class='ocrx_word' id='word_1_164' title='bbox 860 1468 916 1504; x_wconf 80' lang='lat'>1.,</span> <span class='ocrx_word' id='word_1_165' title='bbox 950 1454 1140 1493; x_wconf 75' lang='lat' dir='ltr'><strong>Donatus</strong></span> <span class='ocrx_word' id='word_1_166' title='bbox 1173 1468 1209 1493; x_wconf 91' lang='lat' dir='ltr'>v.</span> <span class='ocrx_word' id='word_1_167' title='bbox 1225 1440 1358 1508; x_wconf 19' lang='lat' dir='ltr'>‘Virg.</span> <span class='ocrx_word' id='word_1_168' title='bbox 1378 1454 1457 1508; x_wconf 70' lang='lat'>39.</span> <span class='ocrx_word' id='word_1_169' title='bbox 1479 1486 1491 1504; x_wconf 88' lang='lat'><em>‚</em></span> <span class='ocrx_word' id='word_1_170' title='bbox 1528 1454 1591 1495; x_wconf 90' lang='lat' dir='ltr'>lo·</span> 
     </span>
     <span class='ocr_line' id='line_1_20' title="bbox 95 1527 1630 1585; baseline -0.003 -15"><span class='ocrx_word' id='word_1_171' title='bbox 95 1538 290 1585; x_wconf 80' lang='lat' dir='ltr'>quuntur</span> <span class='ocrx_word' id='word_1_172' title='bbox 316 1529 368 1569; x_wconf 91' lang='lat' dir='ltr'>de</span> <span class='ocrx_word' id='word_1_173' title='bbox 395 1527 629 1581; x_wconf 85' lang='lat' dir='ltr'>suspicione</span> <span class='ocrx_word' id='word_1_174' title='bbox 654 1527 956 1567; x_wconf 84' lang='lat' dir='ltr'>coniurationis</span> <span class='ocrx_word' id='word_1_175' title='bbox 987 1528 1025 1565; x_wconf 91' lang='lat' dir='ltr'>in</span> <span class='ocrx_word' id='word_1_176' title='bbox 1044 1528 1290 1580; x_wconf 83' lang='lat' dir='ltr'>Augustum.</span> <span class='ocrx_word' id='word_1_177' title='bbox 1351 1528 1471 1579; x_wconf 80' lang='lat' dir='ltr'>Quae</span> <span class='ocrx_word' id='word_1_178' title='bbox 1494 1541 1594 1567; x_wconf 83' lang='lat' dir='ltr'>cou-</span> <span class='ocrx_word' id='word_1_179' title='bbox 1625 1558 1630 1561; x_wconf 80' lang='grc'><strong>-</strong></span> 
     </span>
     <span class='ocr_line' id='line_1_21' title="bbox 98 1600 1597 1654; baseline -0.002 -12"><span class='ocrx_word' id='word_1_180' title='bbox 98 1603 253 1642; x_wconf 82' lang='lat' dir='ltr'>iuratio</span> <span class='ocrx_word' id='word_1_181' title='bbox 288 1601 455 1641; x_wconf 83' lang='lat' dir='ltr'>videtur</span> <span class='ocrx_word' id='word_1_182' title='bbox 484 1606 768 1639; x_wconf 88' lang='lat' dir='ltr'>commentum</span> <span class='ocrx_word' id='word_1_183' title='bbox 813 1604 901 1639; x_wconf 86' lang='lat' dir='ltr'>esse</span> <span class='ocrx_word' id='word_1_184' title='bbox 941 1600 1335 1653; x_wconf 80' lang='lat' dir='ltr'>grammaticorum,</span> <span class='ocrx_word' id='word_1_185' title='bbox 1381 1604 1455 1639; x_wconf 85' lang='lat' dir='ltr'>aut</span> <span class='ocrx_word' id='word_1_186' title='bbox 1493 1613 1597 1654; x_wconf 85' lang='lat' dir='ltr'>pro·</span> 
     </span>
     <span class='ocr_line' id='line_1_22' title="bbox 96 1672 1069 1726; baseline -0.004 -11"><span class='ocrx_word' id='word_1_187' title='bbox 96 1677 203 1715; x_wconf 80' lang='lat' dir='ltr'>fecta</span> <span class='ocrx_word' id='word_1_188' title='bbox 237 1690 259 1714; x_wconf 88' lang='lat' dir='ltr'>e</span> <span class='ocrx_word' id='word_1_189' title='bbox 291 1675 389 1714; x_wconf 89' lang='lat' dir='ltr'>locis</span> <span class='ocrx_word' id='word_1_190' title='bbox 417 1672 669 1726; x_wconf 85' lang='lat' dir='ltr'>scriptorum</span> <span class='ocrx_word' id='word_1_191' title='bbox 703 1672 809 1712; x_wconf 85' lang='lat' dir='ltr'>male</span> <span class='ocrx_word' id='word_1_192' title='bbox 838 1672 1069 1712; x_wconf 81' lang='lat' dir='ltr'>intellectis.</span> 
     </span>
    </p>

    <p class='ocr_par' dir='ltr' id='par_1_4' title="bbox 98 1743 1598 2383">
     <span class='ocr_line' id='line_1_23' title="bbox 217 1743 1597 1801; baseline -0.003 -14"><span class='ocrx_word' id='word_1_193' title='bbox 217 1747 465 1787; x_wconf 80' lang='lat' dir='ltr'>Ammianus</span> <span class='ocrx_word' id='word_1_194' title='bbox 497 1746 630 1788; x_wconf 84' lang='lat' dir='ltr'>Marc.</span> <span class='ocrx_word' id='word_1_195' title='bbox 685 1745 787 1786; x_wconf 87' lang='lat' dir='ltr'>haec</span> <span class='ocrx_word' id='word_1_196' title='bbox 816 1744 944 1785; x_wconf 85' lang='lat' dir='ltr'>habet</span> <span class='ocrx_word' id='word_1_197' title='bbox 984 1751 1005 1795; x_wconf 85' lang='lat'>(</span> <span class='ocrx_word' id='word_1_198' title='bbox 1027 1759 1088 1801; x_wconf 82' lang='lat'>17,</span> <span class='ocrx_word' id='word_1_199' title='bbox 1123 1745 1209 1796; x_wconf 77' lang='grc'>4);</span> <span class='ocrx_word' id='word_1_200' title='bbox 1266 1744 1437 1796; x_wconf 85' lang='lat' dir='ltr'>„Corn</span> <span class='ocrx_word' id='word_1_201' title='bbox 1452 1758 1474 1785; x_wconf 87' lang='lat' dir='ltr'>e</span> <span class='ocrx_word' id='word_1_202' title='bbox 1491 1743 1597 1784; x_wconf 87' lang='lat' dir='ltr'>lius</span> 
     </span>
     <span class='ocr_line' id='line_1_24' title="bbox 100 1818 1595 1871; baseline -0.005 -9"><span class='ocrx_word' id='word_1_203' title='bbox 100 1821 296 1862; x_wconf 83' lang='lat' dir='ltr'>Gallus</span> <span class='ocrx_word' id='word_1_204' title='bbox 317 1852 328 1871; x_wconf 94' lang='lat'>,</span> <span class='ocrx_word' id='word_1_205' title='bbox 372 1819 690 1860; x_wconf 86' lang='lat' dir='ltr'>Octaviano</span> <span class='ocrx_word' id='word_1_206' title='bbox 741 1832 832 1858; x_wconf 89' lang='lat' dir='ltr'>res</span> <span class='ocrx_word' id='word_1_207' title='bbox 877 1823 1112 1858; x_wconf 87' lang='lat' dir='ltr'>tenente</span> <span class='ocrx_word' id='word_1_208' title='bbox 1156 1818 1456 1869; x_wconf 82' lang='lat' dir='ltr'>Romanas,</span> <span class='ocrx_word' id='word_1_209' title='bbox 1505 1820 1595 1857; x_wconf 88' lang='lat' dir='ltr'>Ae-</span> 
     </span>
     <span class='ocr_line' id='line_1_25' title="bbox 98 1890 1598 1949; baseline 0.001 -17"><span class='ocrx_word' id='word_1_210' title='bbox 98 1895 259 1949; x_wconf 80' lang='lat' dir='ltr'>gypti</span> <span class='ocrx_word' id='word_1_211' title='bbox 311 1903 685 1949; x_wconf 82' lang='lat' dir='ltr'>procurator,</span> <span class='ocrx_word' id='word_1_212' title='bbox 722 1893 858 1935; x_wconf 81' lang='lat' dir='ltr'>exha</span> <span class='ocrx_word' id='word_1_213' title='bbox 877 1896 995 1936; x_wconf 86' lang='lat' dir='ltr'>usit</span> <span class='ocrx_word' id='word_1_214' title='bbox 1043 1895 1134 1935; x_wconf 86' lang='lat' dir='ltr'>civ</span> <span class='ocrx_word' id='word_1_215' title='bbox 1155 1895 1164 1935; x_wconf 91' lang='lat' dir='ltr'>i</span> <span class='ocrx_word' id='word_1_216' title='bbox 1186 1901 1361 1935; x_wconf 84' lang='lat' dir='ltr'>tatem</span> <span class='ocrx_word' id='word_1_217' title='bbox 1410 1890 1598 1944; x_wconf 83' lang='lat' dir='ltr'>(Thebas</span> 
     </span>
     <span class='ocr_line' id='line_1_26' title="bbox 100 1967 1596 2022; baseline 0.001 -16"><span class='ocrx_word' id='word_1_218' title='bbox 100 1970 199 2015; x_wconf 60' lang='lat' dir='ltr'>sm),</span> <span class='ocrx_word' id='word_1_219' title='bbox 253 1967 383 2020; x_wconf 82' lang='lat' dir='ltr'>plur</span> <span class='ocrx_word' id='word_1_220' title='bbox 403 1968 529 2007; x_wconf 87' lang='lat' dir='ltr'>imis</span> <span class='ocrx_word' id='word_1_221' title='bbox 573 1970 628 2008; x_wconf 88' lang='lat' dir='ltr'>in</span> <span class='ocrx_word' id='word_1_222' title='bbox 648 1974 699 2008; x_wconf 87' lang='lat' dir='ltr'>te</span> <span class='ocrx_word' id='word_1_223' title='bbox 717 1970 956 2022; x_wconf 86' lang='lat' dir='ltr'>rceptis,</span> <span class='ocrx_word' id='word_1_224' title='bbox 1016 1981 1404 2020; x_wconf 77' lang='lat' dir='ltr'>reversusque</span> <span class='ocrx_word' id='word_1_225' title='bbox 1434 1982 1497 2021; x_wconf 91' lang='lat' dir='ltr'>qu</span> <span class='ocrx_word' id='word_1_226' title='bbox 1517 1982 1596 2007; x_wconf 75' lang='lat' dir='ltr'>nun</span> 
     </span>
     <span class='ocr_line' id='line_1_27' title="bbox 99 2039 1594 2095; baseline -0.001 -17"><span class='ocrx_word' id='word_1_227' title='bbox 99 2039 381 2080; x_wconf 81' lang='lat' dir='ltr'>furtorum</span> <span class='ocrx_word' id='word_1_228' title='bbox 432 2056 455 2081; x_wconf 88' lang='lat' dir='ltr'>a</span> <span class='ocrx_word' id='word_1_229' title='bbox 476 2049 826 2082; x_wconf 88' lang='lat' dir='ltr'>rcesseretur</span> <span class='ocrx_word' id='word_1_230' title='bbox 879 2048 933 2082; x_wconf 86' lang='lat' dir='ltr'>et</span> <span class='ocrx_word' id='word_1_231' title='bbox 990 2040 1311 2095; x_wconf 82' lang='lat' dir='ltr'>populatae</span> <span class='ocrx_word' id='word_1_232' title='bbox 1369 2055 1463 2095; x_wconf 83' lang='lat' dir='ltr'>pro</span> <span class='ocrx_word' id='word_1_233' title='bbox 1482 2040 1594 2081; x_wconf 84' lang='lat' dir='ltr'>vin-</span> 
     </span>
     <span class='ocr_line' id='line_1_28' title="bbox 98 2112 1595 2168; baseline 0.001 -17"><span class='ocrx_word' id='word_1_234' title='bbox 98 2112 219 2152; x_wconf 77' lang='lat' dir='ltr'>cine</span> <span class='ocrx_word' id='word_1_235' title='bbox 240 2142 252 2162; x_wconf 90' lang='lat'>‚</span> <span class='ocrx_word' id='word_1_236' title='bbox 287 2119 430 2154; x_wconf 88' lang='lat' dir='ltr'>metu</span> <span class='ocrx_word' id='word_1_237' title='bbox 462 2114 614 2154; x_wconf 89' lang='lat' dir='ltr'>nobil</span> <span class='ocrx_word' id='word_1_238' title='bbox 635 2114 798 2154; x_wconf 82' lang='lat' dir='ltr'>itatis</span> <span class='ocrx_word' id='word_1_239' title='bbox 829 2113 1041 2154; x_wconf 84' lang='lat' dir='ltr'>acerbe</span> <span class='ocrx_word' id='word_1_240' title='bbox 1084 2113 1454 2168; x_wconf 82' lang='lat' dir='ltr'>indignatae,</span> <span class='ocrx_word' id='word_1_241' title='bbox 1506 2114 1595 2154; x_wconf 89' lang='lat' dir='ltr'>cui</span> 
     </span>
     <span class='ocr_line' id='line_1_29' title="bbox 99 2185 1596 2241; baseline 0.002 -18"><span class='ocrx_word' id='word_1_242' title='bbox 99 2188 396 2239; x_wconf 86' lang='lat' dir='ltr'>negotium</span> <span class='ocrx_word' id='word_1_243' title='bbox 421 2191 614 2240; x_wconf 80' lang='lat' dir='ltr'>specta</span> <span class='ocrx_word' id='word_1_244' title='bbox 633 2186 791 2226; x_wconf 87' lang='lat' dir='ltr'>ndum</span> <span class='ocrx_word' id='word_1_245' title='bbox 822 2185 848 2226; x_wconf 85' lang='lat' dir='ltr'>d</span> <span class='ocrx_word' id='word_1_246' title='bbox 868 2186 1066 2226; x_wconf 87' lang='lat' dir='ltr'>ederat</span> <span class='ocrx_word' id='word_1_247' title='bbox 1095 2187 1444 2241; x_wconf 84' lang='lat' dir='ltr'>Imperator,</span> <span class='ocrx_word' id='word_1_248' title='bbox 1475 2187 1596 2227; x_wconf 87' lang='lat' dir='ltr'>stri-</span> 
     </span>
     <span class='ocr_line' id='line_1_30' title="bbox 101 2258 1594 2311; baseline 0.002 -14"><span class='ocrx_word' id='word_1_249' title='bbox 101 2265 193 2298; x_wconf 85' lang='lat' dir='ltr'>cto</span> <span class='ocrx_word' id='word_1_250' title='bbox 228 2258 395 2298; x_wconf 87' lang='lat' dir='ltr'>ferro</span> <span class='ocrx_word' id='word_1_251' title='bbox 425 2259 717 2299; x_wconf 89' lang='lat' dir='ltr'>incubuit.</span> <span class='ocrx_word' id='word_1_252' title='bbox 777 2259 879 2300; x_wconf 85' lang='lat' dir='ltr'>Hic</span> <span class='ocrx_word' id='word_1_253' title='bbox 909 2266 1020 2309; x_wconf 85' lang='lat' dir='ltr'>est,</span> <span class='ocrx_word' id='word_1_254' title='bbox 1051 2261 1282 2300; x_wconf 88' lang='lat' dir='ltr'>sirecte</span> <span class='ocrx_word' id='word_1_255' title='bbox 1312 2259 1594 2311; x_wconf 85' lang='lat' dir='ltr'>existimo,</span> 
     </span>
     <span class='ocr_line' id='line_1_31' title="bbox 100 2328 683 2383; baseline 0 -16"><span class='ocrx_word' id='word_1_256' title='bbox 100 2328 308 2368; x_wconf 83' lang='lat' dir='ltr'>Gallus</span> <span class='ocrx_word' id='word_1_257' title='bbox 338 2333 552 2383; x_wconf 73' lang='lat' dir='ltr'>poeta.“</span> <span class='ocrx_word' id='word_1_258' title='bbox 583 2335 683 2373; x_wconf 74' lang='lat' dir='ltr'>cett.</span> 
     </span>
    </p>

    <p class='ocr_par' dir='ltr' id='par_1_5' title="bbox 98 2402 1596 2823">
     <span class='ocr_line' id='line_1_32' title="bbox 214 2402 1596 2456; baseline 0.004 -15"><span class='ocrx_word' id='word_1_259' title='bbox 214 2402 301 2441; x_wconf 83' lang='lat' dir='ltr'>lam</span> <span class='ocrx_word' id='word_1_260' title='bbox 330 2416 459 2456; x_wconf 88' lang='lat' dir='ltr'>supra</span> <span class='ocrx_word' id='word_1_261' title='bbox 490 2402 669 2442; x_wconf 86' lang='lat' dir='ltr'>vidimus</span> <span class='ocrx_word' id='word_1_262' title='bbox 687 2431 700 2453; x_wconf 91' lang='lat'>‚</span> <span class='ocrx_word' id='word_1_263' title='bbox 740 2402 907 2442; x_wconf 88' lang='lat' dir='ltr'>Gallum</span> <span class='ocrx_word' id='word_1_264' title='bbox 952 2402 1159 2444; x_wconf 83' lang='lat' dir='ltr'>Strabone</span> <span class='ocrx_word' id='word_1_265' title='bbox 1205 2411 1308 2444; x_wconf 79' lang='lat' dir='ltr'>teste</span> <span class='ocrx_word' id='word_1_266' title='bbox 1352 2403 1596 2447; x_wconf 83' lang='lat' dir='ltr'>seditionem</span> 
     </span>
     <span class='ocr_line' id='line_1_33' title="bbox 100 2463 1593 2531; baseline 0.007 -21"><span class='ocrx_word' id='word_1_267' title='bbox 100 2471 142 2511; x_wconf 86' lang='lat' dir='ltr'>in</span> <span class='ocrx_word' id='word_1_268' title='bbox 187 2472 402 2514; x_wconf 86' lang='lat' dir='ltr'>Thebaide</span> <span class='ocrx_word' id='word_1_269' title='bbox 447 2474 716 2515; x_wconf 78' lang='lat' dir='ltr'>tributorum(</span> <span class='ocrx_word' id='word_1_270' title='bbox 748 2489 890 2522; x_wconf 77' lang='lat' dir='ltr'>caussa</span> <span class='ocrx_word' id='word_1_271' title='bbox 942 2482 1094 2516; x_wconf 84' lang='lat' dir='ltr'>motam</span> <span class='ocrx_word' id='word_1_272' title='bbox 1150 2476 1279 2516; x_wconf 87' lang='lat' dir='ltr'>armis</span> <span class='ocrx_word' id='word_1_273' title='bbox 1328 2463 1593 2531; x_wconf 82' lang='lat' dir='ltr'>oppressisse.</span> 
     </span>
     <span class='ocr_line' id='line_1_34' title="bbox 98 2546 1594 2591; baseline 0.003 -5"><span class='ocrx_word' id='word_1_274' title='bbox 98 2548 246 2586; x_wconf 86' lang='lat' dir='ltr'>Potest</span> <span class='ocrx_word' id='word_1_275' title='bbox 278 2546 357 2585; x_wconf 84' lang='lat' dir='ltr'>hac</span> <span class='ocrx_word' id='word_1_276' title='bbox 387 2547 426 2585; x_wconf 86' lang='lat' dir='ltr'>in</span> <span class='ocrx_word' id='word_1_277' title='bbox 459 2561 505 2586; x_wconf 86' lang='lat' dir='ltr'>re</span> <span class='ocrx_word' id='word_1_278' title='bbox 536 2547 728 2587; x_wconf 84' lang='lat' dir='ltr'>acerbius</span> <span class='ocrx_word' id='word_1_279' title='bbox 769 2555 812 2588; x_wconf 88' lang='lat' dir='ltr'>et</span> <span class='ocrx_word' id='word_1_280' title='bbox 855 2547 1142 2589; x_wconf 88' lang='lat' dir='ltr'>vehementius</span> <span class='ocrx_word' id='word_1_281' title='bbox 1177 2548 1217 2587; x_wconf 87' lang='lat' dir='ltr'>in</span> <span class='ocrx_word' id='word_1_282' title='bbox 1249 2548 1473 2591; x_wconf 84' lang='lat' dir='ltr'>Thebanos</span> <span class='ocrx_word' id='word_1_283' title='bbox 1501 2552 1594 2590; x_wconf 88' lang='lat' dir='ltr'>ani-</span> 
     </span>
     <span class='ocr_line' id='line_1_35' title="bbox 99 2616 1593 2676; baseline 0.003 -20"><span class='ocrx_word' id='word_1_284' title='bbox 99 2616 399 2668; x_wconf 83' lang='lat' dir='ltr'>madvertisse,</span> <span class='ocrx_word' id='word_1_285' title='bbox 449 2632 524 2658; x_wconf 87' lang='lat' dir='ltr'>nec</span> <span class='ocrx_word' id='word_1_286' title='bbox 551 2626 690 2659; x_wconf 84' lang='lat' dir='ltr'>tamen</span> <span class='ocrx_word' id='word_1_287' title='bbox 722 2621 756 2659; x_wconf 90' lang='lat' dir='ltr'>ei</span> <span class='ocrx_word' id='word_1_288' title='bbox 790 2620 952 2659; x_wconf 84' lang='lat' dir='ltr'>crimini</span> <span class='ocrx_word' id='word_1_289' title='bbox 984 2620 1073 2659; x_wconf 86' lang='lat' dir='ltr'>dari</span> <span class='ocrx_word' id='word_1_290' title='bbox 1099 2619 1277 2661; x_wconf 82' lang='lat' dir='ltr'>debebat</span> <span class='ocrx_word' id='word_1_291' title='bbox 1296 2655 1306 2673; x_wconf 85' lang='lat'><strong><em>,</em></strong></span> <span class='ocrx_word' id='word_1_292' title='bbox 1351 2621 1466 2676; x_wconf 81' lang='lat' dir='ltr'>quod</span> <span class='ocrx_word' id='word_1_293' title='bbox 1492 2636 1593 2676; x_wconf 82' lang='lat' dir='ltr'>pro-</span> 
     </span>
     <span class='ocr_line' id='line_1_36' title="bbox 101 2691 1591 2748; baseline 0.005 -18"><span class='ocrx_word' id='word_1_294' title='bbox 101 2691 283 2731; x_wconf 86' lang='lat' dir='ltr'>vinciam</span> <span class='ocrx_word' id='word_1_295' title='bbox 326 2691 562 2733; x_wconf 83' lang='lat' dir='ltr'>seditiosam</span> <span class='ocrx_word' id='word_1_296' title='bbox 593 2693 837 2748; x_wconf 85' lang='lat' dir='ltr'>punivisset.</span> <span class='ocrx_word' id='word_1_297' title='bbox 905 2694 1101 2733; x_wconf 89' lang='lat' dir='ltr'>Ceterum</span> <span class='ocrx_word' id='word_1_298' title='bbox 1145 2693 1226 2735; x_wconf 59' lang='lat' dir='ltr'>h&#39;oc</span> <span class='ocrx_word' id='word_1_299' title='bbox 1267 2693 1369 2735; x_wconf 82' lang='lat' dir='ltr'>hbet</span> <span class='ocrx_word' id='word_1_300' title='bbox 1409 2709 1591 2748; x_wconf 77' lang='lat' dir='ltr'>monere,</span> 
     </span>
     <span class='ocr_line' id='line_1_37' title="bbox 101 2765 1593 2823; baseline 0.005 -20"><span class='ocrx_word' id='word_1_301' title='bbox 101 2778 187 2804; x_wconf 86' lang='lat' dir='ltr'>non</span> <span class='ocrx_word' id='word_1_302' title='bbox 217 2779 304 2805; x_wconf 86' lang='lat' dir='ltr'>esse</span> <span class='ocrx_word' id='word_1_303' title='bbox 334 2779 514 2819; x_wconf 82' lang='lat' dir='ltr'>verum,</span> <span class='ocrx_word' id='word_1_304' title='bbox 549 2766 664 2822; x_wconf 88' lang='lat' dir='ltr'>quod</span> <span class='ocrx_word' id='word_1_305' title='bbox 695 2765 865 2823; x_wconf 84' lang='lat' dir='ltr'>quidam</span> <span class='ocrx_word' id='word_1_306' title='bbox 897 2773 1172 2822; x_wconf 83' lang='lat' dir='ltr'>putaverunt,</span> <span class='ocrx_word' id='word_1_307' title='bbox 1203 2767 1369 2809; x_wconf 83' lang='lat' dir='ltr'>Thebas</span> <span class='ocrx_word' id='word_1_308' title='bbox 1400 2775 1486 2810; x_wconf 77' lang='lat' dir='ltr'>tuin</span> <span class='ocrx_word' id='word_1_309' title='bbox 1522 2769 1593 2810; x_wconf 85' lang='lat' dir='ltr'>de-</span> 
     </span>
    </p>
   </div>
   <div class='ocr_carea' id='block_1_3' title="bbox 1143 2848 1728 3041">
    <p class='ocr_par' dir='ltr' id='par_1_6' title="bbox 1143 2848 1728 3041">
     <span class='ocr_line' id='line_1_38' title="bbox 1143 2848 1728 3041; baseline 0 0"><span class='ocrx_word' id='word_1_310' title='bbox 1143 2848 1728 3041; x_wconf 95' lang='lat' dir='ltr'> </span> 
     </span>
    </p>
   </div>
  </div>
 </body>
</html>
