<?xml version="1.0" encoding="UTF-8"?>
<!DOCTYPE html PUBLIC "-//W3C//DTD XHTML 1.0 Transitional//EN"
    "http://www.w3.org/TR/xhtml1/DTD/xhtml1-transitional.dtd">
<html xmlns="http://www.w3.org/1999/xhtml" xml:lang="en" lang="en">
 <head>
  <title>
</title>
<meta http-equiv="Content-Type" content="text/html;charset=utf-8" />
  <meta name='ocr-system' content='tesseract 3.04.00' />
  <meta name='ocr-capabilities' content='ocr_page ocr_carea ocr_par ocr_line ocrx_word'/>
</head>
<body>
  <div class='ocr_page' id='page_1' title='image "4737208_0039.png"; bbox 0 0 1728 3041; ppageno 0'>
   <div class='ocr_carea' id='block_1_1' title="bbox 28 224 1573 2824">
    <p class='ocr_par' dir='ltr' id='par_1_1' title="bbox 78 224 1568 572">
     <span class='ocr_line' id='line_1_1' title="bbox 78 224 1568 284; baseline 0.005 -24"><span class='ocrx_word' id='word_1_1' title='bbox 78 226 151 264; x_wconf 76' lang='lat' dir='ltr'>est.</span> <span class='ocrx_word' id='word_1_2' title='bbox 185 224 282 271; x_wconf 84' lang='lat' dir='ltr'>(Dio</span> <span class='ocrx_word' id='word_1_3' title='bbox 318 225 481 264; x_wconf 78' lang='lat' dir='ltr'>Cassius</span> <span class='ocrx_word' id='word_1_4' title='bbox 513 224 592 274; x_wconf 74' lang='lat'>51,</span> <span class='ocrx_word' id='word_1_5' title='bbox 625 238 666 279; x_wconf 89' lang='lat' dir='ltr'>p.</span> <span class='ocrx_word' id='word_1_6' title='bbox 699 225 798 273; x_wconf 81' lang='lat'>636,</span> <span class='ocrx_word' id='word_1_7' title='bbox 833 224 918 280; x_wconf 77' lang='lat'>639</span> <span class='ocrx_word' id='word_1_8' title='bbox 936 240 1047 280; x_wconf 88' lang='lat' dir='ltr'>seqq.</span> <span class='ocrx_word' id='word_1_9' title='bbox 1067 255 1079 275; x_wconf 94' lang='lat'>,</span> <span class='ocrx_word' id='word_1_10' title='bbox 1111 226 1232 267; x_wconf 87' lang='lat' dir='ltr'>Paul.</span> <span class='ocrx_word' id='word_1_11' title='bbox 1265 227 1391 267; x_wconf 82' lang='lat' dir='ltr'>Oros.</span> <span class='ocrx_word' id='word_1_12' title='bbox 1423 227 1465 280; x_wconf 89' lang='lat'>6,</span> <span class='ocrx_word' id='word_1_13' title='bbox 1503 243 1568 284; x_wconf 78' lang='lat'>¹9,</span> 
     </span>
     <span class='ocr_line' id='line_1_2' title="bbox 79 293 1184 355; baseline 0.007 -23"><span class='ocrx_word' id='word_1_14' title='bbox 79 307 126 346; x_wconf 83' lang='lat' dir='ltr'>p.</span> <span class='ocrx_word' id='word_1_15' title='bbox 160 293 278 349; x_wconf 54' lang='lat'>[3293</span> <span class='ocrx_word' id='word_1_16' title='bbox 312 296 589 338; x_wconf 85' lang='lat' dir='ltr'>Freinsheim.</span> <span class='ocrx_word' id='word_1_17' title='bbox 623 298 829 352; x_wconf 82' lang='lat' dir='ltr'>supplem.</span> <span class='ocrx_word' id='word_1_18' title='bbox 863 299 953 343; x_wconf 78' lang='lat' dir='ltr'>Liv.</span> <span class='ocrx_word' id='word_1_19' title='bbox 990 299 1084 352; x_wconf 84' lang='lat'>135,</span> <span class='ocrx_word' id='word_1_20' title='bbox 1118 299 1184 355; x_wconf 78' lang='lat'>5-)</span> 
     </span>
     <span class='ocr_line' id='line_1_3' title="bbox 82 368 1142 425; baseline 0.004 -18"><span class='ocrx_word' id='word_1_21' title='bbox 82 391 87 395; x_wconf 91' lang='lat'>-</span> <span class='ocrx_word' id='word_1_22' title='bbox 498 371 544 408; x_wconf 88' lang='lat' dir='ltr'>A.</span> <span class='ocrx_word' id='word_1_23' title='bbox 577 368 630 408; x_wconf 94' lang='lat' dir='ltr'>U.</span> <span class='ocrx_word' id='word_1_24' title='bbox 665 371 709 411; x_wconf 89' lang='lat' dir='ltr'>C.</span> <span class='ocrx_word' id='word_1_25' title='bbox 745 378 842 425; x_wconf 73' lang='lat'>7²4⁷</span> <span class='ocrx_word' id='word_1_26' title='bbox 875 385 910 413; x_wconf 87' lang='lat' dir='ltr'>a.</span> <span class='ocrx_word' id='word_1_27' title='bbox 944 370 1044 414; x_wconf 87' lang='lat' dir='ltr'>Chr.</span> <span class='ocrx_word' id='word_1_28' title='bbox 1076 371 1142 411; x_wconf 80' lang='lat'>50.</span> 
     </span>
     <span class='ocr_line' id='line_1_4' title="bbox 110 440 1541 491; baseline 0.004 -11"><span class='ocrx_word' id='word_1_29' title='bbox 110 440 319 480; x_wconf 80' lang='lat' dir='ltr'>Caesar</span> <span class='ocrx_word' id='word_1_30' title='bbox 350 441 713 483; x_wconf 87' lang='lat' dir='ltr'>Octavianus</span> <span class='ocrx_word' id='word_1_31' title='bbox 760 443 864 491; x_wconf 86' lang='lat' dir='ltr'>1v.‚</span> <span class='ocrx_word' id='word_1_32' title='bbox 906 445 963 483; x_wconf 91' lang='lat' dir='ltr'>M.</span> <span class='ocrx_word' id='word_1_33' title='bbox 998 444 1255 485; x_wconf 86' lang='lat' dir='ltr'>Licinius</span> <span class='ocrx_word' id='word_1_34' title='bbox 1287 444 1541 487; x_wconf 79' lang='lat' dir='ltr'>Crassus.</span> 
     </span>
     <span class='ocr_line' id='line_1_5' title="bbox 597 515 1060 572; baseline 0.002 -17"><span class='ocrx_word' id='word_1_35' title='bbox 597 529 699 555; x_wconf 81' lang='lat' dir='ltr'>coss.</span> <span class='ocrx_word' id='word_1_36' title='bbox 732 529 768 559; x_wconf 82' lang='lat' dir='ltr'>a.</span> <span class='ocrx_word' id='word_1_37' title='bbox 801 515 958 556; x_wconf 83' lang='lat' dir='ltr'>Galli</span> <span class='ocrx_word' id='word_1_38' title='bbox 994 516 1060 572; x_wconf 78' lang='lat'>59.</span> 
     </span>
    </p>

    <p class='ocr_par' dir='ltr' id='par_1_2' title="bbox 79 583 1572 790">
     <span class='ocr_line' id='line_1_6' title="bbox 82 583 1572 642; baseline 0.009 -21"><span class='ocrx_word' id='word_1_39' title='bbox 82 583 292 625; x_wconf 74' lang='lat' dir='ltr'>Habemus</span> <span class='ocrx_word' id='word_1_40' title='bbox 326 587 404 626; x_wconf 84' lang='lat' dir='ltr'>iam</span> <span class='ocrx_word' id='word_1_41' title='bbox 435 588 616 642; x_wconf 87' lang='lat' dir='ltr'>amplam</span> <span class='ocrx_word' id='word_1_42' title='bbox 643 591 874 638; x_wconf 78' lang='lat' dir='ltr'><strong>materiam,</strong></span> <span class='ocrx_word' id='word_1_43' title='bbox 908 589 1135 631; x_wconf 86' lang='lat' dir='ltr'>disserendi</span> <span class='ocrx_word' id='word_1_44' title='bbox 1167 591 1220 633; x_wconf 91' lang='lat' dir='ltr'>de</span> <span class='ocrx_word' id='word_1_45' title='bbox 1250 592 1378 634; x_wconf 89' lang='lat' dir='ltr'>rebus</span> <span class='ocrx_word' id='word_1_46' title='bbox 1408 608 1431 634; x_wconf 83' lang='lat' dir='ltr'>a</span> <span class='ocrx_word' id='word_1_47' title='bbox 1451 592 1572 634; x_wconf 87' lang='lat' dir='ltr'>Gallo</span> 
     </span>
     <span class='ocr_line' id='line_1_7' title="bbox 79 654 1572 720; baseline 0.007 -27"><span class='ocrx_word' id='word_1_48' title='bbox 79 654 230 708; x_wconf 80' lang='lat' dir='ltr'>gestis,</span> <span class='ocrx_word' id='word_1_49' title='bbox 282 671 415 712; x_wconf 83' lang='lat' dir='ltr'>neque</span> <span class='ocrx_word' id='word_1_50' title='bbox 447 666 493 698; x_wconf 87' lang='lat' dir='ltr'>ut</span> <span class='ocrx_word' id='word_1_51' title='bbox 522 666 645 700; x_wconf 85' lang='lat' dir='ltr'>antea</span> <span class='ocrx_word' id='word_1_52' title='bbox 677 675 742 701; x_wconf 86' lang='lat' dir='ltr'>res</span> <span class='ocrx_word' id='word_1_53' title='bbox 769 662 1019 702; x_wconf 89' lang='lat' dir='ltr'>coniecturis</span> <span class='ocrx_word' id='word_1_54' title='bbox 1057 662 1182 716; x_wconf 84' lang='lat' dir='ltr'>magis</span> <span class='ocrx_word' id='word_1_55' title='bbox 1219 663 1393 715; x_wconf 85' lang='lat' dir='ltr'>nititur,</span> <span class='ocrx_word' id='word_1_56' title='bbox 1445 679 1572 720; x_wconf 85' lang='lat' dir='ltr'>quam</span> 
     </span>
     <span class='ocr_line' id='line_1_8' title="bbox 80 728 1571 790; baseline 0.006 -23"><span class='ocrx_word' id='word_1_57' title='bbox 80 728 208 768; x_wconf 83' lang='lat' dir='ltr'>certis</span> <span class='ocrx_word' id='word_1_58' title='bbox 240 730 492 784; x_wconf 86' lang='lat' dir='ltr'>scriptorum</span> <span class='ocrx_word' id='word_1_59' title='bbox 516 733 773 773; x_wconf 67' lang='lat' dir='ltr'>testimoniis.</span> <span class='ocrx_word' id='word_1_60' title='bbox 804 733 884 773; x_wconf 91' lang='lat' dir='ltr'>Sed</span> <span class='ocrx_word' id='word_1_61' title='bbox 905 733 1066 788; x_wconf 82' lang='lat' dir='ltr'>singula</span> <span class='ocrx_word' id='word_1_62' title='bbox 1089 734 1239 775; x_wconf 84' lang='lat' dir='ltr'><strong>ordine</strong></span> <span class='ocrx_word' id='word_1_63' title='bbox 1260 749 1571 790; x_wconf 78' lang='lat' dir='ltr'>persequamur.</span> 
     </span>
    </p>

    <p class='ocr_par' dir='ltr' id='par_1_3' title="bbox 76 804 1573 1442">
     <span class='ocr_line' id='line_1_9' title="bbox 195 804 1569 862; baseline 0.003 -21"><span class='ocrx_word' id='word_1_64' title='bbox 195 804 362 857; x_wconf 80' lang='lat' dir='ltr'>Accepit</span> <span class='ocrx_word' id='word_1_65' title='bbox 394 804 579 858; x_wconf 90' lang='lat' dir='ltr'>primum</span> <span class='ocrx_word' id='word_1_66' title='bbox 611 805 758 846; x_wconf 88' lang='lat' dir='ltr'>Gallus</span> <span class='ocrx_word' id='word_1_67' title='bbox 788 820 811 846; x_wconf 88' lang='lat' dir='ltr'>a</span> <span class='ocrx_word' id='word_1_68' title='bbox 846 806 1015 846; x_wconf 87' lang='lat' dir='ltr'>Pinario</span> <span class='ocrx_word' id='word_1_69' title='bbox 1044 806 1227 862; x_wconf 81' lang='lat' dir='ltr'>Scarpo,</span> <span class='ocrx_word' id='word_1_70' title='bbox 1270 806 1408 862; x_wconf 80' lang='lat' dir='ltr'>legato</span> <span class='ocrx_word' id='word_1_71' title='bbox 1437 809 1569 849; x_wconf 83' lang='lat' dir='ltr'>Anto-</span> 
     </span>
     <span class='ocr_line' id='line_1_10' title="bbox 82 877 1571 936; baseline 0.005 -22"><span class='ocrx_word' id='word_1_72' title='bbox 82 877 152 926; x_wconf 86' lang='lat' dir='ltr'>nii,</span> <span class='ocrx_word' id='word_1_73' title='bbox 184 885 385 930; x_wconf 88' lang='lat' dir='ltr'>quattuor</span> <span class='ocrx_word' id='word_1_74' title='bbox 413 879 620 932; x_wconf 72' lang='lat' dir='ltr'>legiones,</span> <span class='ocrx_word' id='word_1_75' title='bbox 664 895 766 934; x_wconf 89' lang='lat' dir='ltr'>quas</span> <span class='ocrx_word' id='word_1_76' title='bbox 798 879 868 920; x_wconf 87' lang='lat' dir='ltr'>ille</span> <span class='ocrx_word' id='word_1_77' title='bbox 899 881 1010 935; x_wconf 91' lang='lat' dir='ltr'>apud</span> <span class='ocrx_word' id='word_1_78' title='bbox 1042 882 1229 936; x_wconf 80' lang='lat' dir='ltr'>Cyrenas</span> <span class='ocrx_word' id='word_1_79' title='bbox 1260 881 1466 932; x_wconf 79' lang='lat' dir='ltr'>habebat,</span> <span class='ocrx_word' id='word_1_80' title='bbox 1499 883 1571 922; x_wconf 88' lang='lat' dir='ltr'>de-</span> 
     </span>
     <span class='ocr_line' id='line_1_11' title="bbox 81 951 1570 1010; baseline 0.004 -23"><span class='ocrx_word' id='word_1_81' title='bbox 81 964 249 1001; x_wconf 76' lang='lat' dir='ltr'>sperans</span> <span class='ocrx_word' id='word_1_82' title='bbox 282 965 381 990; x_wconf 90' lang='lat' dir='ltr'>vero</span> <span class='ocrx_word' id='word_1_83' title='bbox 414 951 464 990; x_wconf 87' lang='lat' dir='ltr'>de</span> <span class='ocrx_word' id='word_1_84' title='bbox 498 953 665 992; x_wconf 89' lang='lat' dir='ltr'>Antonii</span> <span class='ocrx_word' id='word_1_85' title='bbox 697 953 829 993; x_wconf 85' lang='lat' dir='ltr'>salute</span> <span class='ocrx_word' id='word_1_86' title='bbox 860 953 1045 995; x_wconf 81' lang='lat' dir='ltr'>tradidit.</span> <span class='ocrx_word' id='word_1_87' title='bbox 1105 952 1210 1010; x_wconf 92' lang='lat' dir='ltr'>(Dio</span> <span class='ocrx_word' id='word_1_88' title='bbox 1240 953 1306 1005; x_wconf 85' lang='lat'>51,</span> <span class='ocrx_word' id='word_1_89' title='bbox 1337 969 1378 1008; x_wconf 86' lang='lat' dir='ltr'>p.</span> <span class='ocrx_word' id='word_1_90' title='bbox 1413 953 1570 1005; x_wconf 80' lang='lat' dir='ltr'><strong>636R).</strong></span> 
     </span>
     <span class='ocr_line' id='line_1_12' title="bbox 77 1023 1569 1080; baseline 0.004 -19"><span class='ocrx_word' id='word_1_91' title='bbox 77 1023 186 1063; x_wconf 76' lang='lat' dir='ltr'>Tum</span> <span class='ocrx_word' id='word_1_92' title='bbox 224 1023 371 1064; x_wconf 86' lang='lat' dir='ltr'>Gallus</span> <span class='ocrx_word' id='word_1_93' title='bbox 408 1024 596 1065; x_wconf 82' lang='lat' dir='ltr'>Pharum</span> <span class='ocrx_word' id='word_1_94' title='bbox 628 1027 881 1080; x_wconf 86' lang='lat' dir='ltr'>occupavit,</span> <span class='ocrx_word' id='word_1_95' title='bbox 934 1033 977 1067; x_wconf 86' lang='lat' dir='ltr'>et</span> <span class='ocrx_word' id='word_1_96' title='bbox 1018 1027 1158 1067; x_wconf 85' lang='lat' dir='ltr'>statim</span> <span class='ocrx_word' id='word_1_97' title='bbox 1190 1026 1244 1067; x_wconf 82' lang='lat' dir='ltr'>ad</span> <span class='ocrx_word' id='word_1_98' title='bbox 1275 1026 1569 1068; x_wconf 84' lang='lat' dir='ltr'>Paraetonium</span> 
     </span>
     <span class='ocr_line' id='line_1_13' title="bbox 78 1097 1570 1151; baseline 0.003 -16"><span class='ocrx_word' id='word_1_99' title='bbox 78 1097 226 1136; x_wconf 87' lang='lat' dir='ltr'>urbem</span> <span class='ocrx_word' id='word_1_100' title='bbox 257 1111 474 1151; x_wconf 80' lang='lat' dir='ltr'>aggressus</span> <span class='ocrx_word' id='word_1_101' title='bbox 502 1105 580 1139; x_wconf 85' lang='lat' dir='ltr'>est.</span> <span class='ocrx_word' id='word_1_102' title='bbox 645 1099 756 1139; x_wconf 85' lang='lat' dir='ltr'>Haec</span> <span class='ocrx_word' id='word_1_103' title='bbox 783 1099 908 1150; x_wconf 89' lang='lat' dir='ltr'>urbs,</span> <span class='ocrx_word' id='word_1_104' title='bbox 940 1099 1023 1139; x_wconf 87' lang='lat' dir='ltr'>alio</span> <span class='ocrx_word' id='word_1_105' title='bbox 1054 1100 1219 1140; x_wconf 89' lang='lat' dir='ltr'>nomine</span> <span class='ocrx_word' id='word_1_106' title='bbox 1255 1102 1471 1140; x_wconf 84' lang='lat' dir='ltr'>Ammonia</span> <span class='ocrx_word' id='word_1_107' title='bbox 1503 1101 1570 1141; x_wconf 87' lang='lat' dir='ltr'>di..</span> 
     </span>
     <span class='ocr_line' id='line_1_14' title="bbox 77 1171 1565 1229; baseline 0.003 -20"><span class='ocrx_word' id='word_1_108' title='bbox 77 1176 140 1209; x_wconf 83' lang='lat' dir='ltr'>cta</span> <span class='ocrx_word' id='word_1_109' title='bbox 166 1201 176 1220; x_wconf 94' lang='lat'>,</span> <span class='ocrx_word' id='word_1_110' title='bbox 221 1177 310 1210; x_wconf 85' lang='lat' dir='ltr'>erat</span> <span class='ocrx_word' id='word_1_111' title='bbox 342 1179 483 1225; x_wconf 82' lang='lat' dir='ltr'>portus</span> <span class='ocrx_word' id='word_1_112' title='bbox 514 1173 748 1212; x_wconf 85' lang='lat' dir='ltr'>maritimus</span> <span class='ocrx_word' id='word_1_113' title='bbox 778 1172 864 1213; x_wconf 82' lang='lat' dir='ltr'>fere</span> <span class='ocrx_word' id='word_1_114' title='bbox 906 1171 959 1225; x_wconf 76' lang='grc' dir='ltr'>4ο</span> <span class='ocrx_word' id='word_1_115' title='bbox 1005 1172 1242 1213; x_wconf 88' lang='lat' dir='ltr'>stadiorum</span> <span class='ocrx_word' id='word_1_116' title='bbox 1287 1173 1463 1225; x_wconf 86' lang='lat' dir='ltr'>(Strabo</span> <span class='ocrx_word' id='word_1_117' title='bbox 1502 1188 1565 1229; x_wconf 82' lang='lat'>17,</span> 
     </span>
     <span class='ocr_line' id='line_1_15' title="bbox 78 1242 1570 1301; baseline -0.001 -19"><span class='ocrx_word' id='word_1_118' title='bbox 78 1242 159 1296; x_wconf 71' lang='grc'>549</span> <span class='ocrx_word' id='word_1_119' title='bbox 190 1245 302 1299; x_wconf 88' lang='lat' dir='ltr'>Cas.)</span> <span class='ocrx_word' id='word_1_120' title='bbox 324 1274 336 1294; x_wconf 96' lang='lat'>,</span> <span class='ocrx_word' id='word_1_121' title='bbox 377 1247 470 1284; x_wconf 82' lang='lat' dir='ltr'>satis</span> <span class='ocrx_word' id='word_1_122' title='bbox 496 1246 616 1284; x_wconf 79' lang='lat' dir='ltr'>lirina</span> <span class='ocrx_word' id='word_1_123' title='bbox 648 1251 691 1285; x_wconf 86' lang='lat' dir='ltr'>et</span> <span class='ocrx_word' id='word_1_124' title='bbox 721 1253 960 1300; x_wconf 83' lang='lat' dir='ltr'>opportune</span> <span class='ocrx_word' id='word_1_125' title='bbox 989 1247 1088 1294; x_wconf 89' lang='lat' dir='ltr'>sita,</span> <span class='ocrx_word' id='word_1_126' title='bbox 1128 1246 1399 1301; x_wconf 81' lang='lat' dir='ltr'>quamobrem</span> <span class='ocrx_word' id='word_1_127' title='bbox 1435 1247 1570 1285; x_wconf 84' lang='lat' dir='ltr'>Anto-</span> 
     </span>
     <span class='ocr_line' id='line_1_16' title="bbox 76 1315 1567 1373; baseline 0.001 -19"><span class='ocrx_word' id='word_1_128' title='bbox 76 1317 167 1355; x_wconf 87' lang='lat' dir='ltr'>nius</span> <span class='ocrx_word' id='word_1_129' title='bbox 202 1323 244 1356; x_wconf 84' lang='lat' dir='ltr'>et</span> <span class='ocrx_word' id='word_1_130' title='bbox 287 1316 509 1370; x_wconf 71' lang='lat' dir='ltr'>Cleopatra</span> <span class='ocrx_word' id='word_1_131' title='bbox 556 1317 613 1356; x_wconf 87' lang='lat' dir='ltr'>ibi</span> <span class='ocrx_word' id='word_1_132' title='bbox 659 1315 815 1356; x_wconf 87' lang='lat' dir='ltr'>liberos</span> <span class='ocrx_word' id='word_1_133' title='bbox 857 1330 951 1356; x_wconf 89' lang='lat' dir='ltr'>suos</span> <span class='ocrx_word' id='word_1_134' title='bbox 993 1323 1036 1357; x_wconf 89' lang='lat' dir='ltr'>et</span> <span class='ocrx_word' id='word_1_135' title='bbox 1077 1316 1242 1357; x_wconf 86' lang='lat' dir='ltr'>divitias</span> <span class='ocrx_word' id='word_1_136' title='bbox 1284 1316 1567 1373; x_wconf 74' lang='lat' dir='ltr'>reservabant.</span> 
     </span>
     <span class='ocr_line' id='line_1_17' title="bbox 76 1387 1573 1442; baseline 0.001 -16"><span class='ocrx_word' id='word_1_137' title='bbox 76 1388 311 1438; x_wconf 81' lang='lat' dir='ltr'>Antonius,</span> <span class='ocrx_word' id='word_1_138' title='bbox 351 1388 500 1427; x_wconf 90' lang='lat' dir='ltr'>nuntio</span> <span class='ocrx_word' id='word_1_139' title='bbox 530 1388 582 1427; x_wconf 89' lang='lat' dir='ltr'>de</span> <span class='ocrx_word' id='word_1_140' title='bbox 613 1388 720 1428; x_wconf 84' lang='lat' dir='ltr'>urbe</span> <span class='ocrx_word' id='word_1_141' title='bbox 752 1389 834 1427; x_wconf 87' lang='lat' dir='ltr'>iam</span> <span class='ocrx_word' id='word_1_142' title='bbox 867 1395 984 1441; x_wconf 86' lang='lat' dir='ltr'>capta</span> <span class='ocrx_word' id='word_1_143' title='bbox 1014 1395 1211 1442; x_wconf 84' lang='lat' dir='ltr'>accepto,</span> <span class='ocrx_word' id='word_1_144' title='bbox 1257 1388 1449 1428; x_wconf 88' lang='lat' dir='ltr'>omnibus</span> <span class='ocrx_word' id='word_1_145' title='bbox 1480 1387 1573 1428; x_wconf 83' lang='lat' dir='ltr'>aliis</span> 
     </span>
    </p>

    <p class='ocr_par' dir='ltr' id='par_1_4' title="bbox 28 1459 1570 1515">
     <span class='ocr_line' id='line_1_18' title="bbox 28 1459 1570 1515; baseline -0.001 -17"><span class='ocrx_word' id='word_1_146' title='bbox 28 1504 32 1507; x_wconf 42' lang='grc'>,</span> <span class='ocrx_word' id='word_1_147' title='bbox 73 1461 196 1499; x_wconf 80' lang='lat' dir='ltr'>rebus</span> <span class='ocrx_word' id='word_1_148' title='bbox 224 1460 400 1510; x_wconf 87' lang='lat' dir='ltr'>omissis,</span> <span class='ocrx_word' id='word_1_149' title='bbox 437 1462 548 1511; x_wconf 83' lang='lat' dir='ltr'>(nam</span> <span class='ocrx_word' id='word_1_150' title='bbox 582 1466 779 1500; x_wconf 87' lang='lat' dir='ltr'>evocatus</span> <span class='ocrx_word' id='word_1_151' title='bbox 805 1473 829 1498; x_wconf 86' lang='lat' dir='ltr'>a</span> <span class='ocrx_word' id='word_1_152' title='bbox 865 1459 1168 1513; x_wconf 81' lang='lat' dir='ltr'>gladiatoribus</span> <span class='ocrx_word' id='word_1_153' title='bbox 1200 1462 1242 1499; x_wconf 91' lang='lat' dir='ltr'>in</span> <span class='ocrx_word' id='word_1_154' title='bbox 1274 1461 1434 1515; x_wconf 87' lang='lat' dir='ltr'>Syriam</span> <span class='ocrx_word' id='word_1_155' title='bbox 1470 1475 1570 1514; x_wconf 84' lang='lat' dir='ltr'>pro..</span> 
     </span>
    </p>

    <p class='ocr_par' dir='ltr' id='par_1_5' title="bbox 68 1531 1570 2750">
     <span class='ocr_line' id='line_1_19' title="bbox 74 1531 1570 1588; baseline 0.001 -17"><span class='ocrx_word' id='word_1_156' title='bbox 74 1532 197 1572; x_wconf 81' lang='lat' dir='ltr'>ficisci</span> <span class='ocrx_word' id='word_1_157' title='bbox 230 1534 445 1584; x_wconf 79' lang='lat' dir='ltr'>statuerat)</span> <span class='ocrx_word' id='word_1_158' title='bbox 478 1533 576 1573; x_wconf 89' lang='lat' dir='ltr'>illuc</span> <span class='ocrx_word' id='word_1_159' title='bbox 608 1534 748 1580; x_wconf 87' lang='lat' dir='ltr'>statim</span> <span class='ocrx_word' id='word_1_160' title='bbox 781 1531 989 1586; x_wconf 82' lang='lat' dir='ltr'>profectus</span> <span class='ocrx_word' id='word_1_161' title='bbox 1005 1540 1079 1584; x_wconf 89' lang='lat' dir='ltr'>est,</span> <span class='ocrx_word' id='word_1_162' title='bbox 1114 1547 1296 1588; x_wconf 85' lang='lat' dir='ltr'>sperans,</span> <span class='ocrx_word' id='word_1_163' title='bbox 1325 1548 1368 1574; x_wconf 90' lang='lat' dir='ltr'>se</span> <span class='ocrx_word' id='word_1_164' title='bbox 1388 1533 1475 1574; x_wconf 87' lang='lat' dir='ltr'>illas</span> <span class='ocrx_word' id='word_1_165' title='bbox 1499 1548 1570 1573; x_wconf 90' lang='lat' dir='ltr'>co-</span> 
     </span>
     <span class='ocr_line' id='line_1_20' title="bbox 73 1605 1568 1660; baseline 0.003 -17"><span class='ocrx_word' id='word_1_166' title='bbox 73 1605 159 1659; x_wconf 76' lang='lat' dir='ltr'>pias</span> <span class='ocrx_word' id='word_1_167' title='bbox 189 1619 212 1644; x_wconf 88' lang='lat' dir='ltr'>a</span> <span class='ocrx_word' id='word_1_168' title='bbox 253 1605 375 1644; x_wconf 87' lang='lat' dir='ltr'>Gallo</span> <span class='ocrx_word' id='word_1_169' title='bbox 418 1612 491 1645; x_wconf 87' lang='lat' dir='ltr'>aut</span> <span class='ocrx_word' id='word_1_170' title='bbox 536 1605 830 1645; x_wconf 86' lang='lat' dir='ltr'>traducturum</span> <span class='ocrx_word' id='word_1_171' title='bbox 873 1614 944 1645; x_wconf 87' lang='lat' dir='ltr'>aut</span> <span class='ocrx_word' id='word_1_172' title='bbox 989 1606 1029 1645; x_wconf 91' lang='lat' dir='ltr'>vi</span> <span class='ocrx_word' id='word_1_173' title='bbox 1077 1613 1424 1660; x_wconf 84' lang='lat' dir='ltr'>recuperaturum</span> <span class='ocrx_word' id='word_1_174' title='bbox 1469 1621 1568 1649; x_wconf 85' lang='lat' dir='ltr'>esse.</span> 
     </span>
     <span class='ocr_line' id='line_1_21' title="bbox 72 1679 1566 1734; baseline 0 -15"><span class='ocrx_word' id='word_1_175' title='bbox 72 1680 154 1720; x_wconf 78' lang='lat' dir='ltr'>Res</span> <span class='ocrx_word' id='word_1_176' title='bbox 184 1693 289 1719; x_wconf 85' lang='lat' dir='ltr'>vero</span> <span class='ocrx_word' id='word_1_177' title='bbox 318 1679 438 1719; x_wconf 87' lang='lat' dir='ltr'>aliter</span> <span class='ocrx_word' id='word_1_178' title='bbox 457 1710 468 1728; x_wconf 93' lang='lat'>,</span> <span class='ocrx_word' id='word_1_179' title='bbox 514 1686 639 1733; x_wconf 83' lang='lat' dir='ltr'>atque</span> <span class='ocrx_word' id='word_1_180' title='bbox 668 1687 1001 1734; x_wconf 84' lang='lat' dir='ltr'>exspectaverat,</span> <span class='ocrx_word' id='word_1_181' title='bbox 1046 1682 1201 1728; x_wconf 81' lang='lat' dir='ltr'>evenit.</span> <span class='ocrx_word' id='word_1_182' title='bbox 1262 1679 1407 1720; x_wconf 86' lang='lat' dir='ltr'>Gallus</span> <span class='ocrx_word' id='word_1_183' title='bbox 1438 1680 1566 1728; x_wconf 86' lang='lat' dir='ltr'>euim,</span> 
     </span>
     <span class='ocr_line' id='line_1_22' title="bbox 72 1751 1567 1806; baseline 0.002 -17"><span class='ocrx_word' id='word_1_184' title='bbox 72 1767 202 1806; x_wconf 88' lang='lat' dir='ltr'>quum</span> <span class='ocrx_word' id='word_1_185' title='bbox 237 1753 415 1802; x_wconf 90' lang='lat' dir='ltr'>timeret,</span> <span class='ocrx_word' id='word_1_186' title='bbox 448 1767 498 1791; x_wconf 90' lang='lat' dir='ltr'>ne</span> <span class='ocrx_word' id='word_1_187' title='bbox 529 1752 676 1791; x_wconf 89' lang='lat' dir='ltr'>milites</span> <span class='ocrx_word' id='word_1_188' title='bbox 708 1767 753 1791; x_wconf 89' lang='lat' dir='ltr'>ex</span> <span class='ocrx_word' id='word_1_189' title='bbox 776 1759 918 1792; x_wconf 86' lang='lat' dir='ltr'>vetere</span> <span class='ocrx_word' id='word_1_190' title='bbox 941 1752 1109 1792; x_wconf 86' lang='lat' dir='ltr'>Antonii</span> <span class='ocrx_word' id='word_1_191' title='bbox 1131 1766 1271 1792; x_wconf 87' lang='lat' dir='ltr'>amore</span> <span class='ocrx_word' id='word_1_192' title='bbox 1290 1751 1567 1806; x_wconf 80' lang='lat' dir='ltr'>proditionem</span> 
     </span>
     <span class='ocr_line' id='line_1_23' title="bbox 70 1823 1566 1878; baseline 0 -15"><span class='ocrx_word' id='word_1_193' title='bbox 70 1824 334 1875; x_wconf 84' lang='lat' dir='ltr'>molirentur,</span> <span class='ocrx_word' id='word_1_194' title='bbox 364 1825 555 1865; x_wconf 83' lang='lat' dir='ltr'>tibicines</span> <span class='ocrx_word' id='word_1_195' title='bbox 588 1839 736 1864; x_wconf 86' lang='lat' dir='ltr'>canere</span> <span class='ocrx_word' id='word_1_196' title='bbox 764 1824 918 1878; x_wconf 86' lang='lat' dir='ltr'>ubique</span> <span class='ocrx_word' id='word_1_197' title='bbox 947 1823 1078 1867; x_wconf 83' lang='lat' dir='ltr'>iussit.</span> <span class='ocrx_word' id='word_1_198' title='bbox 1109 1825 1165 1864; x_wconf 89' lang='lat' dir='ltr'>ita</span> <span class='ocrx_word' id='word_1_199' title='bbox 1196 1831 1240 1864; x_wconf 89' lang='lat' dir='ltr'>ut</span> <span class='ocrx_word' id='word_1_200' title='bbox 1268 1838 1370 1878; x_wconf 86' lang='lat' dir='ltr'>prae</span> <span class='ocrx_word' id='word_1_201' title='bbox 1388 1826 1566 1878; x_wconf 84' lang='lat' dir='ltr'>strepitu</span> 
     </span>
     <span class='ocr_line' id='line_1_24' title="bbox 69 1896 1567 1952; baseline 0 -15"><span class='ocrx_word' id='word_1_202' title='bbox 69 1897 269 1937; x_wconf 82' lang='lat' dir='ltr'>tubarum</span> <span class='ocrx_word' id='word_1_203' title='bbox 304 1911 426 1936; x_wconf 87' lang='lat' dir='ltr'>nemo</span> <span class='ocrx_word' id='word_1_204' title='bbox 462 1897 593 1937; x_wconf 84' lang='lat' dir='ltr'>verba</span> <span class='ocrx_word' id='word_1_205' title='bbox 625 1897 817 1947; x_wconf 85' lang='lat' dir='ltr'>Antonii,</span> <span class='ocrx_word' id='word_1_206' title='bbox 850 1896 924 1952; x_wconf 87' lang='lat' dir='ltr'>qui</span> <span class='ocrx_word' id='word_1_207' title='bbox 958 1897 1084 1936; x_wconf 88' lang='lat' dir='ltr'>muris</span> <span class='ocrx_word' id='word_1_208' title='bbox 1103 1898 1315 1950; x_wconf 88' lang='lat' dir='ltr'>proximus</span> <span class='ocrx_word' id='word_1_209' title='bbox 1334 1897 1444 1936; x_wconf 84' lang='lat' dir='ltr'>clara</span> <span class='ocrx_word' id='word_1_210' title='bbox 1464 1911 1567 1937; x_wconf 82' lang='lat' dir='ltr'>voce</span> 
     </span>
     <span class='ocr_line' id='line_1_25' title="bbox 71 1970 1569 2024; baseline 0 -15"><span class='ocrx_word' id='word_1_211' title='bbox 71 1971 222 2010; x_wconf 77' lang='lat' dir='ltr'>milites</span> <span class='ocrx_word' id='word_1_212' title='bbox 250 1970 556 2023; x_wconf 82' lang='lat' dir='ltr'>compellabat,</span> <span class='ocrx_word' id='word_1_213' title='bbox 583 1970 774 2010; x_wconf 86' lang='lat' dir='ltr'>exaudire</span> <span class='ocrx_word' id='word_1_214' title='bbox 809 1978 959 2024; x_wconf 86' lang='lat' dir='ltr'>posset.</span> <span class='ocrx_word' id='word_1_215' title='bbox 1018 1970 1149 2010; x_wconf 89' lang='lat' dir='ltr'>Simul</span> <span class='ocrx_word' id='word_1_216' title='bbox 1185 1970 1320 2009; x_wconf 85' lang='lat' dir='ltr'>subita</span> <span class='ocrx_word' id='word_1_217' title='bbox 1353 1970 1569 2023; x_wconf 88' lang='lat' dir='ltr'>eruptione</span> 
     </span>
     <span class='ocr_line' id='line_1_26' title="bbox 68 2041 1562 2098; baseline -0.001 -16"><span class='ocrx_word' id='word_1_218' title='bbox 68 2043 177 2083; x_wconf 79' lang='lat' dir='ltr'>sacta</span> <span class='ocrx_word' id='word_1_219' title='bbox 201 2044 315 2096; x_wconf 82' lang='lat' dir='ltr'>gravi</span> <span class='ocrx_word' id='word_1_220' title='bbox 347 2044 500 2084; x_wconf 87' lang='lat' dir='ltr'>damno</span> <span class='ocrx_word' id='word_1_221' title='bbox 532 2058 625 2084; x_wconf 90' lang='lat' dir='ltr'>eum</span> <span class='ocrx_word' id='word_1_222' title='bbox 661 2043 817 2094; x_wconf 83' lang='lat' dir='ltr'>affecit,</span> <span class='ocrx_word' id='word_1_223' title='bbox 850 2042 1055 2098; x_wconf 88' lang='lat' dir='ltr'>classique</span> <span class='ocrx_word' id='word_1_224' title='bbox 1087 2056 1277 2097; x_wconf 82' lang='lat' dir='ltr'>magnam</span> <span class='ocrx_word' id='word_1_225' title='bbox 1309 2041 1467 2082; x_wconf 88' lang='lat' dir='ltr'>cladem</span> <span class='ocrx_word' id='word_1_226' title='bbox 1498 2042 1562 2081; x_wconf 90' lang='lat' dir='ltr'>in-</span> 
     </span>
     <span class='ocr_line' id='line_1_27' title="bbox 69 2111 1568 2169; baseline -0.001 -15"><span class='ocrx_word' id='word_1_227' title='bbox 69 2114 186 2154; x_wconf 78' lang='lat' dir='ltr'>flixit.</span> <span class='ocrx_word' id='word_1_228' title='bbox 246 2116 364 2155; x_wconf 77' lang='lat' dir='ltr'>Clam</span> <span class='ocrx_word' id='word_1_229' title='bbox 396 2116 508 2155; x_wconf 87' lang='lat' dir='ltr'>enim</span> <span class='ocrx_word' id='word_1_230' title='bbox 541 2123 751 2155; x_wconf 90' lang='lat' dir='ltr'>nocturno</span> <span class='ocrx_word' id='word_1_231' title='bbox 783 2123 970 2169; x_wconf 89' lang='lat' dir='ltr'>tempore</span> <span class='ocrx_word' id='word_1_232' title='bbox 1010 2122 1172 2155; x_wconf 85' lang='lat' dir='ltr'>catenas</span> <span class='ocrx_word' id='word_1_233' title='bbox 1213 2111 1411 2164; x_wconf 70' lang='grc' dir='ltr'><strong>(ἁλύσεις</strong></span> <span class='ocrx_word' id='word_1_234' title='bbox 1451 2111 1568 2168; x_wconf 53' lang='lat' dir='ltr'>&amp;cpti-</span> 
     </span>
     <span class='ocr_line' id='line_1_28' title="bbox 69 2186 1566 2245; baseline -0.001 -18"><span class='ocrx_word' id='word_1_235' title='bbox 69 2187 225 2240; x_wconf 69' lang='grc' dir='ltr'><strong>ὅρους)</strong></span> <span class='ocrx_word' id='word_1_236' title='bbox 255 2202 328 2241; x_wconf 88' lang='lat' dir='ltr'>per</span> <span class='ocrx_word' id='word_1_237' title='bbox 363 2187 502 2245; x_wconf 76' lang='lat' dir='ltr'>fauces</span> <span class='ocrx_word' id='word_1_238' title='bbox 534 2194 680 2242; x_wconf 89' lang='lat' dir='ltr'>portus</span> <span class='ocrx_word' id='word_1_239' title='bbox 700 2187 899 2240; x_wconf 83' lang='lat' dir='ltr'>extendit,</span> <span class='ocrx_word' id='word_1_240' title='bbox 929 2189 1238 2242; x_wconf 87' lang='lat' dir='ltr'>Antoniumque</span> <span class='ocrx_word' id='word_1_241' title='bbox 1269 2186 1566 2241; x_wconf 82' lang='lat' dir='ltr'>improvidum,</span> 
     </span>
     <span class='ocr_line' id='line_1_29' title="bbox 68 2261 1567 2316; baseline -0.004 -14"><span class='ocrx_word' id='word_1_242' title='bbox 68 2269 110 2302; x_wconf 86' lang='lat' dir='ltr'>et</span> <span class='ocrx_word' id='word_1_243' title='bbox 145 2276 276 2316; x_wconf 85' lang='lat' dir='ltr'>quum</span> <span class='ocrx_word' id='word_1_244' title='bbox 309 2261 474 2301; x_wconf 89' lang='lat' dir='ltr'>nullum</span> <span class='ocrx_word' id='word_1_245' title='bbox 508 2261 758 2316; x_wconf 87' lang='lat' dir='ltr'>praesidium</span> <span class='ocrx_word' id='word_1_246' title='bbox 786 2261 838 2301; x_wconf 83' lang='lat' dir='ltr'>ad</span> <span class='ocrx_word' id='word_1_247' title='bbox 869 2269 1035 2315; x_wconf 87' lang='lat' dir='ltr'>portum</span> <span class='ocrx_word' id='word_1_248' title='bbox 1067 2261 1257 2301; x_wconf 87' lang='lat' dir='ltr'>relictum</span> <span class='ocrx_word' id='word_1_249' title='bbox 1286 2265 1415 2310; x_wconf 86' lang='lat' dir='ltr'>esset,</span> <span class='ocrx_word' id='word_1_250' title='bbox 1445 2273 1567 2299; x_wconf 89' lang='lat' dir='ltr'>secu..</span> 
     </span>
     <span class='ocr_line' id='line_1_30' title="bbox 72 2331 1569 2387; baseline -0.003 -13"><span class='ocrx_word' id='word_1_251' title='bbox 72 2349 182 2382; x_wconf 86' lang='lat' dir='ltr'>rum,</span> <span class='ocrx_word' id='word_1_252' title='bbox 218 2336 376 2375; x_wconf 86' lang='lat' dir='ltr'>intrare</span> <span class='ocrx_word' id='word_1_253' title='bbox 413 2334 590 2374; x_wconf 86' lang='lat' dir='ltr'>navibus</span> <span class='ocrx_word' id='word_1_254' title='bbox 623 2348 770 2387; x_wconf 87' lang='lat' dir='ltr'>passus</span> <span class='ocrx_word' id='word_1_255' title='bbox 802 2342 877 2374; x_wconf 87' lang='lat' dir='ltr'>cst.</span> <span class='ocrx_word' id='word_1_256' title='bbox 939 2334 1050 2373; x_wconf 86' lang='lat' dir='ltr'>Tum</span> <span class='ocrx_word' id='word_1_257' title='bbox 1080 2339 1218 2372; x_wconf 83' lang='lat' dir='ltr'>autem</span> <span class='ocrx_word' id='word_1_258' title='bbox 1245 2333 1401 2372; x_wconf 88' lang='lat' dir='ltr'>catenis</span> <span class='ocrx_word' id='word_1_259' title='bbox 1427 2331 1569 2371; x_wconf 89' lang='lat' dir='ltr'>subito</span> 
     </span>
     <span class='ocr_line' id='line_1_31' title="bbox 70 2403 1564 2461; baseline -0.003 -15"><span class='ocrx_word' id='word_1_260' title='bbox 70 2421 148 2461; x_wconf 84' lang='lat' dir='ltr'>per</span> <span class='ocrx_word' id='word_1_261' title='bbox 178 2408 387 2448; x_wconf 81' lang='lat' dir='ltr'>machinas</span> <span class='ocrx_word' id='word_1_262' title='bbox 414 2407 602 2448; x_wconf 87' lang='lat' dir='ltr'>attractis</span> <span class='ocrx_word' id='word_1_263' title='bbox 634 2412 676 2447; x_wconf 83' lang='lat' dir='ltr'>et</span> <span class='ocrx_word' id='word_1_264' title='bbox 706 2405 894 2445; x_wconf 83' lang='lat' dir='ltr'>faucibus</span> <span class='ocrx_word' id='word_1_265' title='bbox 924 2404 1088 2454; x_wconf 81' lang='lat' dir='ltr'>clausis,</span> <span class='ocrx_word' id='word_1_266' title='bbox 1119 2404 1395 2459; x_wconf 80' lang='lat' dir='ltr'>irruptionem</span> <span class='ocrx_word' id='word_1_267' title='bbox 1426 2403 1467 2443; x_wconf 91' lang='lat' dir='ltr'>in</span> <span class='ocrx_word' id='word_1_268' title='bbox 1487 2417 1564 2442; x_wconf 89' lang='lat' dir='ltr'>na-</span> 
     </span>
     <span class='ocr_line' id='line_1_32' title="bbox 72 2476 1565 2533; baseline -0.003 -16"><span class='ocrx_word' id='word_1_269' title='bbox 72 2493 141 2517; x_wconf 81' lang='lat' dir='ltr'>ves</span> <span class='ocrx_word' id='word_1_270' title='bbox 163 2479 273 2524; x_wconf 81' lang='lat' dir='ltr'>fecit,</span> <span class='ocrx_word' id='word_1_271' title='bbox 306 2494 456 2533; x_wconf 82' lang='lat' dir='ltr'>easque</span> <span class='ocrx_word' id='word_1_272' title='bbox 481 2480 665 2532; x_wconf 87' lang='lat' dir='ltr'>undique</span> <span class='ocrx_word' id='word_1_273' title='bbox 687 2479 995 2518; x_wconf 89' lang='lat' dir='ltr'>circumventas</span> <span class='ocrx_word' id='word_1_274' title='bbox 1015 2478 1172 2531; x_wconf 87' lang='lat' dir='ltr'>partim</span> <span class='ocrx_word' id='word_1_275' title='bbox 1197 2476 1431 2526; x_wconf 86' lang='lat' dir='ltr'>submersit,</span> <span class='ocrx_word' id='word_1_276' title='bbox 1463 2489 1565 2529; x_wconf 86' lang='lat' dir='ltr'>par-</span> 
     </span>
     <span class='ocr_line' id='line_1_33' title="bbox 68 2548 1568 2602; baseline -0.003 -12"><span class='ocrx_word' id='word_1_277' title='bbox 68 2552 143 2590; x_wconf 85' lang='lat' dir='ltr'>tim</span> <span class='ocrx_word' id='word_1_278' title='bbox 181 2550 376 2590; x_wconf 86' lang='lat' dir='ltr'>incendit.</span> <span class='ocrx_word' id='word_1_279' title='bbox 436 2553 643 2591; x_wconf 89' lang='lat' dir='ltr'>Antonius</span> <span class='ocrx_word' id='word_1_280' title='bbox 676 2565 773 2589; x_wconf 87' lang='lat' dir='ltr'>vero</span> <span class='ocrx_word' id='word_1_281' title='bbox 802 2550 852 2589; x_wconf 84' lang='lat' dir='ltr'>de</span> <span class='ocrx_word' id='word_1_282' title='bbox 875 2550 976 2589; x_wconf 83' lang='lat' dir='ltr'>urbe</span> <span class='ocrx_word' id='word_1_283' title='bbox 998 2548 1237 2602; x_wconf 84' lang='lat' dir='ltr'>recipienda</span> <span class='ocrx_word' id='word_1_284' title='bbox 1254 2548 1488 2601; x_wconf 85' lang='lat' dir='ltr'>desperans,</span> <span class='ocrx_word' id='word_1_285' title='bbox 1523 2553 1568 2586; x_wconf 85' lang='lat' dir='ltr'>et.</span> 
     </span>
     <span class='ocr_line' id='line_1_34' title="bbox 68 2619 1565 2677; baseline -0.005 -14"><span class='ocrx_word' id='word_1_286' title='bbox 68 2628 279 2677; x_wconf 78' lang='lat' dir='ltr'>regressus</span> <span class='ocrx_word' id='word_1_287' title='bbox 308 2637 329 2661; x_wconf 88' lang='lat' dir='ltr'>a</span> <span class='ocrx_word' id='word_1_288' title='bbox 371 2624 648 2672; x_wconf 85' lang='lat' dir='ltr'>Paraetonio,</span> <span class='ocrx_word' id='word_1_289' title='bbox 697 2636 791 2662; x_wconf 86' lang='lat' dir='ltr'>mox</span> <span class='ocrx_word' id='word_1_290' title='bbox 836 2635 967 2676; x_wconf 90' lang='lat' dir='ltr'>quum</span> <span class='ocrx_word' id='word_1_291' title='bbox 997 2634 1138 2660; x_wconf 83' lang='lat' dir='ltr'>omnes</span> <span class='ocrx_word' id='word_1_292' title='bbox 1166 2634 1255 2676; x_wconf 84' lang='lat' dir='ltr'>spes</span> <span class='ocrx_word' id='word_1_293' title='bbox 1285 2620 1446 2662; x_wconf 88' lang='lat' dir='ltr'>videret</span> <span class='ocrx_word' id='word_1_294' title='bbox 1477 2619 1565 2658; x_wconf 86' lang='lat' dir='ltr'>cir-</span> 
     </span>
     <span class='ocr_line' id='line_1_35' title="bbox 71 2695 756 2750; baseline -0.003 -13"><span class='ocrx_word' id='word_1_295' title='bbox 71 2697 292 2750; x_wconf 80' lang='lat' dir='ltr'>cumcisas,</span> <span class='ocrx_word' id='word_1_296' title='bbox 328 2696 415 2750; x_wconf 86' lang='lat' dir='ltr'>ipse</span> <span class='ocrx_word' id='word_1_297' title='bbox 445 2695 495 2735; x_wconf 88' lang='lat' dir='ltr'>de</span> <span class='ocrx_word' id='word_1_298' title='bbox 527 2710 568 2735; x_wconf 91' lang='lat' dir='ltr'>sc</span> <span class='ocrx_word' id='word_1_299' title='bbox 598 2698 756 2735; x_wconf 85' lang='lat' dir='ltr'>statuit.</span> 
     </span>
    </p>

    <p class='ocr_par' dir='ltr' id='par_1_6' title="bbox 185 2767 1566 2824">
     <span class='ocr_line' id='line_1_36' title="bbox 185 2767 1566 2824; baseline -0.004 -15"><span class='ocrx_word' id='word_1_300' title='bbox 185 2769 386 2810; x_wconf 83' lang='lat' dir='ltr'>Similiter</span> <span class='ocrx_word' id='word_1_301' title='bbox 427 2767 571 2809; x_wconf 86' lang='lat' dir='ltr'>Gallus</span> <span class='ocrx_word' id='word_1_302' title='bbox 611 2769 653 2808; x_wconf 85' lang='lat' dir='ltr'>in</span> <span class='ocrx_word' id='word_1_303' title='bbox 696 2768 915 2824; x_wconf 84' lang='lat' dir='ltr'>Cleopatra</span> <span class='ocrx_word' id='word_1_304' title='bbox 951 2768 1153 2824; x_wconf 86' lang='lat' dir='ltr'>capienda</span> <span class='ocrx_word' id='word_1_305' title='bbox 1183 2768 1367 2822; x_wconf 85' lang='lat' dir='ltr'>Augusto</span> <span class='ocrx_word' id='word_1_306' title='bbox 1394 2778 1566 2820; x_wconf 85' lang='lat' dir='ltr'>operam</span> 
     </span>
    </p>
   </div>
   <div class='ocr_carea' id='block_1_2' title="bbox 0 2970 1728 3041">
    <p class='ocr_par' dir='ltr' id='par_1_7' title="bbox 0 2970 1728 3041">
     <span class='ocr_line' id='line_1_37' title="bbox 0 2970 1728 3041; baseline 0.001 -2"><span class='ocrx_word' id='word_1_307' title='bbox 0 2970 1728 3041; x_wconf 38' lang='lat' dir='ltr'><em>d———————-.A</em></span> 
     </span>
    </p>
   </div>
  </div>
 </body>
</html>
