1728 3041
676 75 1011 122 —35-

98 221 235 260 terrae
263 207 532 266 Aegyptiacae
564 202 879 258 descriptionem
898 234 911 254 ‚
943 209 984 244 et
1015 201 1239 244 desiderari
1271 201 1312 242 in
1343 217 1388 242 ea
1418 202 1585 257 elegan-

99 294 181 328 tem
211 282 537 326 concinnitatem
557 308 570 331 ,
619 290 702 331 qua
733 275 837 320 tales
866 276 1144 330 expositiones
1181 277 1223 316 in
1263 276 1411 316 ceteris
1443 276 1587 330 operis

97 357 282 415 partibus
312 356 481 395 niteant.
541 350 646 390 Nam
677 357 723 390 ut
750 363 884 404 pauca
912 356 1073 389 tantum
1103 346 1296 401 afferam,
1330 347 1484 405 yerba:

299 434 344 469 et
370 424 552 469 viridem
586 424 820 480 Aegyptum
848 422 966 480 nigra
996 422 1193 464 fecundat
1224 436 1354 464 arena

903 549 928 554 Γ
1379 496 1455 545 (vs,
1488 495 1587 548 29¹)

96 585 268 629 prorsus
297 567 440 610 eadem
471 574 653 620 sonant,
675 554 810 623 'quam
839 553 948 623 quae
978 569 1106 620 snpra
1138 565 1268 606 dixit:

185 692 188 696 Ε
289 641 422 697 effuso
451 646 711 695 stagnantem
744 638 919 686 flumine
938 634 1090 679 >Nilum
1122 637 1232 691 (288)
1265 639 1317 689 2ο)

94 698 189 756 tum·
212 728 354 755 versus
379 697 478 768 v290,
509 712 587 753 nisi
620 710 768 752 vicinia
795 712 1075 752 accusativum
1101 710 1271 765 pluralis
1300 724 1385 751 esse
1413 716 1583 756 statuas,

94 773 444 836 constructionem
475 784 663 843 impedit,
695 789 737 824 et
764 784 808 824 in
838 797 897 824 vs,
925 797 1022 839 29¹,
1054 781 1225 840 molesta
1256 787 1357 823 sunt
1385 782 1517 823 ›ver-ha
1546 789 1587 821 et

93 860 259 900 otiosa:
315 858 467 899 flumen
511 857 710 898 discurrit
738 859 781 897 in
808 864 960 911 septem
1003 857 1163 897 diversa
1211 869 1285 897 ora
1328 869 1478 904 ruens,
1510 855 1585 894 ubi

94 932 253 985 etiamsi
288 945 309 970 r
326 944 387 970 ue
402 944 427 968 n
447 944 465 969 s
510 928 680 969 defendi
730 929 856 983 possit
877 958 890 979 ‚
949 929 977 969 d
996 930 1009 968 i
1027 943 1085 969 ve
1098 943 1145 969 rs
1161 943 1184 968 a
1233 935 1370 968 tamen
1410 940 1585 981 prorsus
1645 953 1648 964 ‹

93 1017 393 1058 supervacuum
433 1009 510 1044 est..
570 993 795 1042 Accedunt
834 1000 899 1041 bis
948 994 1063 1041 initia
1110 999 1276 1058 illorum
1310 1001 1442 1064 trium
1487 1014 1583 1040 ver·

91 1085 210 1117 suum
247 1076 656 1128 -⁴Qu.aqne1—-
687 1072 759 1112 Et
798 1092 852 1103 -
894 1071 994 1120 Et,
1049 1071 1168 1128 quod
1213 1071 1337 1113 valde
1381 1071 1582 1127 displicet.

88 1147 320 1188 Senserunt
352 1146 433 1187 boc
457 1147 543 1186 ,iam
576 1145 656 1185 viri
688 1144 818 1198 docti,
850 1159 985 1200 neque
1015 1160 1126 1185 nunc
1153 1158 1333 1200 quoque,
1362 1150 1583 1200 postquam

89 1219 261 1259 Vossius
291 1232 359 1257 eos
391 1232 532 1258 versus
563 1217 786 1258 defendere
814 1232 938 1258 ausus
968 1224 1057 1269 est,
1083 1217 1206 1258 aliter
1234 1223 1392 1265 statuo.
1452 1218 1582 1258 Prae-

88 1296 202 1332 terea
231 1291 273 1330 in
306 1288 429 1331 codd.
460 1303 605 1330 versus
647 1289 762 1330 varie
791 1290 1105 1345 disponuntur,
1152 1290 1193 1332 in
1222 1288 1436 1332 nonnullis
1468 1291 1582 1330 enim

92 1376 168 1422 ²9¹
200 1363 355 1418 legitur
386 1369 478 1417 post
506 1363 614 1418 293,
646 1361 700 1403 de
728 1373 813 1417 quo
843 1377 883 1407 v.
912 1376 1020 1418 quae
1053 1362 1241 1419 Heynius
1273 1361 1414 1404 affert.

207 1435 282 1476 His
310 1435 544 1477 rationibus
571 1434 776 1476 adductus
810 1434 893 1475 iam
914 1441 1019 1475 ante
1046 1435 1146 1475 satis
1175 1434 1356 1474 multum
1387 1433 1584 1488 temporis

88 1508 339 1561 spatium..in
369 1521 460 1548 eam
488 1506 737 1547 sententiam
766 1505 980 1559 inclinavi,
1013 1506 1126 1547 hunc
1155 1505 1278 1547 fuisse
1305 1505 1470 1559 locum,
1499 1520 1585 1562 quo

66 1577 356 1639 ‘laudesGalli
388 1580 533 1635 paucis
558 1580 749 1621 versibus
775 1579 1008 1621 celebratae
1037 1580 1210 1632 fuerint,
1241 1570 1393 1621 n‘amet
1424 1582 1582 1635 optima

86 1665 173 1692 sese
199 1651 405 1703 offerebat
433 1653 611 1705 occasio,
643 1652 810 1694 Gallum
844 1653 901 1694 ob
932 1666 995 1693 res
1023 1652 1235 1707 praeclare
1264 1658 1399 1708 gestas
1429 1658 1472 1693 et
1502 1656 1584 1694 Ae-

85 1724 199 1779 gypti
229 1724 646 1778 administrationem,
675 1727 791 1767 cuius
821 1732 958 1767 terrae
992 1726 1244 1766 fertilitatem
1272 1725 1455 1779 adiuvit,
1488 1725 1581 1767 lau-

85 1796 243 1849 dandi,
269 1805 309 1838 et
340 1799 471 1839 verba
504 1799 588 1853 ipsa
630 1789 842 1853 totiusque
878 1801 1078 1843 orationis
1118 1800 1236 1840 color
1275 1800 1478 1840 videntur*
1506 1813 1582 1841 nos

88 1868 315 1910 admonere
334 1900 346 1920 ,
378 1871 447 1911 hic
476 1874 642 1926 poetam
677 1872 717 1911 in
751 1871 900 1912 lacuna
932 1872 1068 1929 aliqua
1119 1872 1318 1928 explenda
1360 1872 1579 1914 laborasse.

83 1943 252 1984 Accedit
284 1944 339 1995 id,
368 1945 483 1999 quod
506 1944 766 1999 grammatici
799 1945 985 1997 tradunt,
1014 1944 1112 1987 inde
1133 1961 1155 1986 a
1181 1947 1318 1987 medio
1339 1945 1448 1987 libro
1466 1945 1576 1986 Galli

83 2013 225 2056 laudes
252 2017 389 2068 fuisse,
421 2017 531 2072 (pind
564 2025 780 2072 acceptum
817 2032 839 2057 a
857 2018 1069 2059 veteribus
1099 2018 1498 2060 commentatoribus
1521 2019 1578 2059 ita

83 2085 351 2139 inflexerunt,
380 2095 425 2128 ut
455 2103 524 2129 eas
555 2104 688 2144 usque
717 2090 769 2130 ad
798 2090 923 2130 finem
954 2088 1049 2129 libri
1082 2090 1364 2143 extenderent,
1388 2106 1472 2146 quo
1501 2106 1579 2147 po-

82 2160 163 2200 sito
196 2162 426 2202 necessario
472 2162 838 2218 consequebatur,
880 2163 1025 2205 deletis
1064 2164 1143 2204 illis
1173 2164 1351 2205 Aristaei
1391 2163 1576 2205 fabulam

83 2246 168 2274 esse
197 2234 478 2277 substitutam.
522 2285 525 2288 .

155 2303 158 2306 ’
197 2307 356 2358 Quodsi
386 2308 480 2362 quis
508 2307 584 2348 hac
612 2321 702 2348 mea
731 2307 1048 2348 ratiocinatione
1082 2323 1163 2349 non
1198 2314 1414 2350 contentus
1441 2323 1577 2366 neque

81 2376 277 2421 inductus
306 2395 352 2420 ex
386 2395 449 2419 me
478 2387 679 2434 quaerat,
719 2394 796 2420 cur
837 2379 1003 2420 tandem
1034 2382 1153 2433 poe'ta
1200 2387 1281 2420 tam
1321 2379 1426 2421 male
1459 2381 1575 2422 lacu·

128 2552 195 2596 20)
221 2552 326 2587 Certe
343 2579 352 2594 ,
374 2553 430 2588 ‘ut
461 2553 628 2596 licuerit,
671 2553 823 2588 eandem
852 2565 926 2587 rem
965 2553 1152 2600 copiosius
1178 2564 1390 2601 exponere,
1428 2566 1476 2589 vs.
1503 2554 1575 2589 290

217 2615 378 2661 Quaque
407 2615 636 2662 pharetratae
662 2618 730 2652 vic.
759 2618 851 2652 Pers.
884 2621 1015 2661 urguet
1045 2616 1139 2650 male
1167 2618 1264 2652 inter
1289 2622 1484 2663 utrumque
1508 2618 1569 2652 in-

216 2680 414 2725 terpositus
452 2686 517 2714 est.
580 2681 732 2716 Secutus
779 2692 863 2715 vero
908 2691 986 2714 sum
1032 2680 1071 2715 in
1118 2679 1354 2727 disponendis
1404 2678 1571 2714 versibus

217 2742 414 2790 Heynium.
