1728 3041
700 71 1001 117 ...8.-

94 208 347 252 tractamus,
376 212 485 255 quae
519 198 652 240 levior
684 213 786 241 sane
815 205 901 251 est,
932 198 1157 261 necessaria
1186 205 1324 242 tamen
1363 199 1416 241 ad
1449 206 1582 244 totam'

95 274 429 318 dissertationem
460 272 759 315 absolvendam
789 279 833 315 et
861 272 1177 315 conficiendam.
1254 274 1335 315 Res
1364 273 1467 315 haec
1506 281 1580 314 est.

95 347 334 399 dubitatur,
365 345 483 402 quod
515 346 701 387 Cornelii
732 346 840 387 Galli
871 360 1128 401 praenomen
1162 346 1302 392 fuerit.
1361 347 1400 388 A
1432 347 1580 403 pleris-

95 419 606 478 quesimpliciterdicitur
638 419 942 461 Cornelius
971 419 1193 472 Gallus,
1222 420 1418 474 Gallus
1448 420 1580 461 Cor..

95 493 297 541 nelius‚
331 493 389 534 ita
410 494 562 544 aSuet.
586 492 696 547 Aug.
718 491 813 544 66‚;
844 493 1002 543 Donat.
1017 492 1096 544 :Vlt-
1109 492 1225 546 Virg.
1255 494 1428 548 passim;
1460 493 1583 537 Serv.

95 566 150 607 ad
181 566 300 622 Virg.
331 566 425 607 Ecl.
454 566 527 617 Vl,
554 565 627 619 X3
656 565 744 606 aliis
769 579 782 619 3
827 566 910 606 Dio
954 572 996 605 et
1036 564 1188 605 Strabo
1230 579 1325 606 eum
1368 568 1585 607 nominant

94 630 140 680 Γ
136 625 265 680 ἄλλον
310 636 554 694 Κορνήλιον
602 640 657 687 (v,
696 639 805 679 locos
838 637 944 679 infra
978 636 1170 690 allatos),
1218 652 1301 694 qua
1331 640 1375 679 in
1411 653 1456 681 re
1485 640 1579 681 iure

97 712 288 765 mireris,
329 726 407 753 cur
437 718 523 752 tam
552 717 794 753 constanter
827 725 1086 766 praenomen
1114 711 1312 752 omissum
1338 712 1417 764 sit,
1461 712 1586 767 idque

101 784 237 840 ipsum
266 799 350 826 non
382 783 474 826 leve
504 783 676 826 habebit
703 791 963 826 momentum
1004 784 1073 826 ad·
1097 785 1384 841 quaestionem
1415 783 1469 826 de
1505 784 1586 825 hac

99 872 154 903 re,
176 857 787 913 enucleandam3'priusquam
820 864 958 900 tamen
990 857 1392 904 nostramdteamus
1416 858 1588 901 senten-

98 932 217 980 tiam,
249 938 488 972 ceterorum
518 931 739 984 opiniones
770 930 1090 971 recensebimus.
1593 915 1601 918 ,

214 1003 336 1058 Apud
365 1003 620 1045 Strabonem
650 1003 675 1047 l.
704 1002 764 1056 ¹6,
784 1003 823 1054 3,
854 1017 920 1044 22.
951 1002 1158 1058 (Siebenk.
1180 1018 1222 1058 p.
1236 1002 1319 1045 536
1340 1003 1531 1054 casaub.)
1556 1004 1587 1055 ²)

102 1082 366 1117 memoratur
396 1076 592 1116 Aelius
619 1075 812 1118 Gallus
842 1075 1029 1132 quidam,
1061 1076 1240 1128 cnloco,
1269 1090 1354 1131 quo
1381 1075 1586 1131 expeditio

101 1148 395 1190 Romanorum
426 1150 466 1189 in
498 1148 701 1189 Arabiam
731 1163 755 1188 a
796 1149 1007 1189 Strabone
1058 1156 1281 1199 narratur,
1321 1148 1384 1187 his
1423 1148 1585 1188 verbis:

102 1216 261 1261 Πολλοὶ
296 1219 345 1261 δὲ
376 1217 403 1273 ἦ
438 1219 523 1261 τῶν
545 1214 787 1272 Ῥωμαίων
818 1218 893 1262 ἐπὶ
920 1216 1022 1268 τοὺς
1045 1212 1243 1273 ’Ἄραβας
1258 1221 1462 1273 στρατεία
1484 1233 1590 1261 νεω-

103 1291 177 1334 ou*
201 1293 432 1347 γενηθεῖσα
465 1291 537 1347 ἐφ’
567 1290 690 1347 ἡμῶν
708 1324 720 1342 ,
755 1284 817 1333 ὧν
847 1288 1020 1346 ἡγεμών
1049 1285 1101 1347 ἦν
1132 1289 1288 1340 Αἴλιος
1316 1287 1484 1341 Γάλλος
1503 1323 1515 1345 ,
1548 1300 1590 1333 et

106 1379 216 1421 quae
243 1380 362 1422 seqq.
435 1365 558 1406 Hune
588 1371 709 1421 putat
740 1366 1011 1407 casaubonus
1040 1365 1164 1407 fuisse
1201 1364 1394 1418 Gallum,
1429 1366 1590 1422 poetam

103 1439 330 1494 egregium,
359 1438 433 1494 qui
462 1438 781 1494 Euphorionem
808 1440 967 1480 Latinis
1000 1440 1148 1481 verbis.
1166 1439 1420 1495 expresserit,
1449 1440 1591 1494 Virgi-

106 1512 162 1552 lio
191 1525 354 1565 camm,
388 1526 464 1554 nec
493 1513 629 1553 minus
662 1515 852 1568 Augusto
884 1517 1123 1564 (comment.
1163 1513 1216 1553 ad
1244 1513 1382 1557 Strabg
1396 1528 1436 1568 p.
1459 1516 1588 1568 ²¹7·)›

108 1599 237 1641 quam
269 1584 446 1626 eandem
477 1586 728 1628 sententiam
759 1585 810 1626 ad
837 1586 955 1626 Suet.
985 1585 1097 1640 Aug.
1126 1586 1198 1627 66.
1225 1586 1404 1641 profert.
1464 1584 1597 1626 Valde

106 1665 247 1717 tamen
279 1672 438 1699 errasse
467 1659 602 1699 virum
631 1658 844 1699 eruditum
877 1665 918 1699 et
948 1658 1160 1708 subtilem,
1195 1660 1372 1714 quisque
1393 1656 1512 1698 facile
1530 1658 1595 1697 vi..

109 1731 241 1782 debit,
273 1732 347 1786 qui
374 1730 523 1773 leviter
552 1737 715 1771 tantum
748 1732 790 1771 in
821 1730 997 1772 historia
1025 1730 1192 1772 illorum
1223 1738 1467 1786 temporum
1498 1744 1595 1773 ver-

112 1811 226 1845 satus
258 1804 399 1849 fuerit.
459 1803 542 1845 llla
574 1806 684 1845 enim
716 1804 925 1860 expeditio
944 1834 956 1855 ‚
989 1803 1042 1844 de
1071 1819 1154 1859 qua
1186 1804 1336 1845 Strabo
1369 1804 1521 1856 refert,
1552 1804 1594 1844 in

109 1892 243 1918 annos
273 1892 314 1917 u.
344 1891 381 1921 c.
413 1890 498 1933 729
527 1884 569 1917 et
603 1878 683 1934 730
714 1877 860 1917 incidit
892 1877 964 1931 (cf.
996 1877 1079 1919 Dio
1098 1877 1258 1918 Cassius
1287 1876 1315 1919 l.
1336 1877 1405 1921 53.
1436 1892 1477 1932 p.
1499 1879 1594 1932 723.

108 1949 257 2001 Reim.)
275 1981 288 2002 ,
317 1965 342 1991 a
371 1948 571 1991 Cornelio
602 1949 724 1991 Gallo
756 1965 857 1991 vero
893 1965 1157 2006 nequaquam
1177 1951 1288 1990 facta
1308 1964 1396 1990 esse
1409 1957 1593 2005 poterat,

108 2038 240 2078 quum
272 2023 305 2063 is
333 2025 416 2064 iam
450 2038 561 2066 anno
590 2023 673 2080 728
703 2026 790 2079 ipse
820 2024 899 2064 sibi
932 2030 1112 2065 mortem
1143 2023 1408 2064 consciverit.
1481 2024 1595 2076 Quin

106 2095 262 2137 Strabo
292 2097 380 2152 ipse
412 2100 522 2138 inter
552 2096 793 2138 Cornelium
813 2097 983 2138 Gallum
1016 2103 1058 2138 et
1076 2095 1242 2137 Aelium
1261 2095 1430 2137 Gallum
1452 2095 1597 2137 ‹listin-

105 2169 213 2224 guit,
249 2184 285 2208 v.
320 2168 348 2212 Ι.
373 2183 438 2225 17,
476 2183 511 2221 ¹,
542 2170 610 2212 53.
646 2173 702 2229 (p.
722 2170 801 2213 563
820 2171 910 2221 C.),
945 2169 1016 2210 ubi
1044 2176 1127 2209 tres
1157 2170 1332 2225 Aegypti
1366 2169 1597 2224 praefectos

109 2242 332 2296 nominat,
374 2242 616 2284 Cornelium
644 2243 814 2285 Gallum
835 2274 847 2296 ,
889 2244 1136 2303 Petronium
1155 2273 1168 2294 ,
1214 2242 1377 2284 Aelium
1411 2241 1596 2283 Gallum.

111 2315 244 2355 Porro
273 2317 354 2355 iam
382 2330 505 2356 nemo
537 2316 674 2367 videt,
710 2316 922 2371 quomodo
957 2315 1095 2358 Aelius
1129 2313 1276 2356 Gallus
1303 2321 1346 2356 et
1378 2313 1599 2356 Cornelius

110 2386 256 2429 Gallus
290 2388 432 2432 eadem
465 2403 642 2445 persona
673 2404 760 2431 esse
793 2390 1027 2444 possint·³),
1073 2403 1169 2429 nam
1214 2391 1244 2429 A
1265 2387 1425 2430 elius
1470 2403 1596 2444 prae-

1554 2518 1575 2535 a.

181 2555 224 2601 2)
251 2556 298 2589 Ut
325 2554 397 2589 hoc
420 2556 535 2590 semel
559 2567 753 2598 moneam,
783 2555 915 2590 Strabo
956 2554 1097 2602 ubique
1137 2567 1157 2588 a
1185 2565 1243 2588 me
1272 2553 1473 2605 secundum
1502 2553 1594 2589 edit..

257 2618 436 2654 Siebenk.
463 2619 609 2661 citatur,
636 2621 772 2666 primus
801 2631 977 2654 numerus
1004 2618 1152 2660 librum,
1179 2618 1273 2652 alter
1298 2624 1431 2665 caput,
1465 2618 1596 2655 tertius

253 2682 521 2730 paragraphum
548 2683 697 2718 indicat.

188 2751 227 2799 3)
255 2750 338 2799 Egit
376 2750 423 2786 de
454 2748 524 2785 hac
565 2761 602 2784 re
639 2748 759 2784 Otto
790 2746 1106 2785 Meukenius
1136 2747 1257 2785 bibl.
1296 2748 1383 2784 vir.
1415 2746 1515 2782 mil.
1549 2753 1599 2783 et
