1728 3041
736 105 1067 150 -29-

143 236 309 277 navavit
340 232 596 286 (Plut..Ant.
627 245 663 272 c.
694 237 762 285 79)
789 243 802 282 ς
849 231 996 270 missus
1024 230 1133 269 enim
1162 242 1256 269 eum
1290 227 1511 269 Proculeio
1544 226 1628 281 ipse

139 308 305 350 foribus
338 306 487 347 domus
517 304 705 358 adstitit,
755 301 1020 356 Cleopatram
1049 316 1236 341 sermone
1264 299 1485 350 detinens,
1529 299 1628 338 dum

140 377 386 419 Proculeius
424 390 501 429 per
529 376 752 414 fenestram
796 375 1032 427 ingressuS,
1075 373 1208 424 fores,
1250 372 1301 411 ad
1343 386 1446 427 quas
1488 371 1631 411 Gallus

144 450 433 504 exspectabat,
475 448 637 502 aperit,
668 447 811 503 itaque
843 445 1091 500 Cleopatrae
1116 446 1354 507 educendae
1381 452 1630 499 potestatem

145 522 256 562 fecit.

280 593 432 633 Caesar
458 607 587 647 quum
619 593 759 635 hostes
792 593 1010 645 devictos,
1050 593 1325 648 reginamque
1355 593 1396 632 in
1427 598 1631 646 potestate

144 679 215 706 sua
246 678 335 707 esse
364 664 547 717 videret,
592 665 829 721 Aegyptum
875 665 917 705 in
961 664 1198 719 provinciae
1237 664 1414 705 formam
1450 664 1630 718 redegit,

143 740 470 793 praeposuitque
500 739 546 779 C.
576 739 816 778 Cornelium
866 738 1062 786 Gallum;
1110 738 1223 792 quod
1267 739 1511 779 testimonio
1553 744 1630 789 est,

142 827 266 868 quam
300 811 473 854 multum
505 810 652 853 Gallus
682 812 791 867 apud
822 826 917 853 eum
959 810 1164 863 valuerit,
1207 818 1247 852 et
1287 826 1411 867 quam
1448 818 1629 866 spectata

142 887 267 927 fuerit
297 886 391 928 fide.
424 887 550 926 ·Nam
571 916 583 937 ‚
613 892 661 926 ut
693 888 752 925 ait
783 885 862 925 Dio
893 885 965 937 51,
992 900 1033 939 p.
1063 885 1143 940 647
1167 885 1218 925 R.
1263 885 1386 937 (adde
1419 885 1630 924 Ammian.

146 960 382 1008 Mara—22,
420 973 456 1006 1,
492 958 629 997 Tacit.
665 958 769 997 Hist.
808 973 844 1009 ι,
885 960 948 1009 ῐι)
982 966 1155 1012 propter
1186 958 1404 997 hominum
1434 956 1630 997 multitu-

142 1032 283 1072 dinem
314 1038 355 1071 et
384 1032 425 1071 in
460 1030 634 1071 urbibus
668 1038 708 1071 et
737 1030 777 1070 in
810 1032 958 1070 ceteris
990 1038 1128 1071 terrae
1164 1031 1365 1084 partibus,
1398 1038 1438 1071 et
1458 1038 1631 1085 propter

143 1119 279 1145 mores
307 1105 442 1160 gentis
474 1103 602 1153 leves,
636 1103 823 1151 mobiles,
856 1104 1003 1153 varios,
1037 1109 1125 1142 tum
1152 1109 1331 1157 propter
1361 1103 1574 1143 redituum
1592 1111 1632 1143 ct

143 1191 332 1218 annonae
359 1178 533 1231 copiam,
567 1174 862 1217 nullisenatori
894 1191 976 1216 non
1006 1183 1169 1217 tantum
1190 1176 1453 1217 committere
1474 1183 1630 1217 terram

140 1265 262 1291 ausus
280 1257 356 1298 est,
389 1250 458 1289 sed
478 1264 528 1288 ne
546 1250 797 1291 commorari
816 1249 983 1304 quidem
1002 1248 1060 1288 ibi
1079 1248 1203 1288 alicui
1219 1249 1438 1299 concessit,
1474 1242 1527 1288 ἂν
1551 1247 1629 1301 μή,

140 1318 286 1378 pergit,
315 1336 398 1364 τινι
428 1317 561 1367 αὐτὸς
594 1318 807 1372 ὀνομαστί
834 1318 1109 1377 συγχωρήσῃ.
1141 1314 1190 1359 οὗ
1222 1320 1365 1371 μέντοι
1397 1320 1490 1361 ov’d'
1521 1320 1631 1361 ὲκειζ.

139 1409 226 1442 νοις
270 1392 495 1447 βουλεύειν
524 1393 571 1434 ἐν
600 1394 656 1448 τῇ
678 1389 832 1449 “.Ροόμῃ
861 1393 1022 1447 ἐφῆκεν
1043 1422 1055 1441 ,
1106 1390 1213 1433 ἀλλὰ
1254 1396 1344 1439 τοῖς
1381 1393 1460 1444 μὲν
1488 1386 1634 1442 ἄλλοις

141 1465 199 1514 ὥς
229 1462 433 1519 ἑκάστοις,
459 1469 545 1513 τοῖς
576 1464 613 1505 δ’
625 1463 985 1518 Ἀλεξανδρεῦσιν
1016 1460 1119 1505 ἄνευ
1138 1465 1381 1518 βουλευτῶν
1413 1465 1632 1506 πολιτεύε-

140 1540 246 1580 σθαι
273 1538 510 1578 ἐκέλευσεν.
545 1533 755 1590 τοσαύτην
785 1552 867 1577 που
898 1539 1225 1590 νεωτεροποιῖῐιν
1254 1537 1399 1579 αὔτῶν
1427 1540 1630 1593 κατέγνω.

143 1613 288 1650 Insunt
317 1617 456 1650 tamen
489 1611 529 1649 in
561 1610 626 1650 his
658 1611 809 1659 verbis,
846 1624 953 1664 quae
983 1624 1049 1649 me
1081 1610 1186 1650 male
1219 1611 1425 1661 habeant,
1458 1619 1500 1653 et
1526 1628 1633 1668 quae

145 1690 190 1722 ut
220 1682 351 1724 libere
379 1683 512 1723 fatear
543 1684 678 1723 minus
708 1683 944 1737 intelligam.
1017 1683 1160 1722 Gentis
1202 1683 1311 1723 illius
1354 1685 1562 1726 mobilitas
1590 1695 1632 1727 et

143 1755 196 1797 ad
231 1756 457 1797 seditiones
486 1755 775 1810 tumultusque
807 1756 1001 1810 proclivis
1031 1757 1194 1795 animus
1223 1771 1365 1796 caussa
1407 1772 1505 1798 sane
1535 1766 1630 1800 erat

142 1827 241 1870 satis
270 1826 446 1880 idonea,
495 1845 573 1870 cur
603 1830 752 1870 Caesar
782 1844 864 1869 non
900 1830 1034 1869 omnis
1066 1833 1230 1882 generis
1263 1830 1502 1872 hominibus
1530 1848 1630 1886 pro-

143 1902 321 1941 vinciam
352 1901 630 1941 committeret
650 1931 661 1950 ‚
704 1915 828 1956 quam
862 1914 946 1941 non
981 1903 1157 1956 imperio
1188 1903 1404 1955 Romano,
1451 1905 1524 1945 sed
1554 1906 1632 1946 sibi

143 1972 324 2029 fiscoque
353 1988 428 2014 suo
461 1980 768 2029 occupaverat3
808 1980 936 2028 atque
964 1974 1004 2014 in
1039 1990 1087 2014 eo
1113 1977 1320 2030 Augusti,
1354 1977 1492 2017 callidi
1525 1977 1633 2018 illius

143 2045 334 2099 hominis,
365 2048 551 2086 cernitur
580 2045 774 2096 vafrities,
809 2046 919 2101 quod
951 2046 1088 2098 Gallo,
1121 2062 1245 2102 quem
1276 2049 1485 2090 beneficiis
1511 2049 1634 2105 plane

141 2118 221 2158 sibi
245 2119 498 2169 devinxerat,
530 2134 620 2160 eam
650 2118 881 2159 tradiderit.
938 2119 1017 2159 Sed
1042 2135 1118 2159 cur
1146 2128 1354 2162 senatores
1385 2124 1554 2162 omnino
1580 2123 1634 2162 ab

142 2192 331 2246 Aegypto
363 2199 445 2232 tam
476 2192 594 2231 anxie
622 2192 903 2246 prohibuerit,
935 2206 1013 2232 cur
1044 2201 1233 2233 senatum
1264 2208 1315 2234 ne
1343 2208 1428 2234 esse
1459 2195 1627 2249 quidem

146 2263 322 2305 voluerit
353 2264 641 2316 Alexandriae,
672 2278 719 2304 ex
751 2264 820 2304 illa
840 2279 997 2316 caussa,
1029 2280 1153 2319 quam
1186 2267 1266 2306 Dio
1288 2266 1427 2318 affert,
1456 2282 1539 2306 non
1561 2282 1630 2306 as-

144 2350 309 2391 sequor.
387 2340 531 2379 Nonne
575 2338 618 2378 in
663 2339 866 2378 senatorio
907 2351 1075 2393 quoque
1119 2337 1264 2377 ordine
1297 2337 1483 2378 homines
1514 2338 1632 2389 fidos,

143 2409 303 2466 sibique
334 2411 521 2451 addictos
554 2411 708 2452 habere
737 2416 942 2465 poterat?
971 2425 1109 2451 nonne
1140 2410 1283 2450 Gallus
1307 2411 1404 2464 ipse,
1437 2410 1502 2450 vel
1526 2411 1631 2450 alius

144 2484 251 2533 quis,
281 2485 352 2537 qui
384 2484 620 2537 Aegyptum
650 2491 826 2535 regeret,
857 2484 1015 2523 etiamsi
1048 2482 1202 2522 ordinis
1233 2483 1428 2524 senatorii
1457 2498 1540 2523 non
1567 2498 1630 2523 es·

143 2560 230 2605 set,
278 2554 355 2596 hac
384 2554 527 2610 populi
553 2554 786 2595 mobilitate
830 2555 882 2594 ad
907 2569 1001 2609 spes
1032 2555 1207 2595 maiores
1236 2564 1398 2597 erectus
1428 2555 1631 2597 tumultus

145 2638 312 2667 movere
337 2631 534 2682 poterat?
593 2627 769 2669 Accedit
800 2627 856 2679 id,
888 2627 1003 2683 quod
1035 2629 1066 2667 si
1102 2627 1203 2669 haec
1233 2643 1314 2669 una
1345 2637 1384 2669 et
1414 2629 1631 2683 praecipua

145 2709 285 2739 caussa
314 2699 471 2753 fuisset,
502 2700 608 2741 male
638 2708 721 2741 tam
756 2700 915 2741 infirma
938 2701 1139 2754 praesidia
1165 2702 1216 2741 ad
1239 2709 1393 2742 terram
1412 2701 1633 2740 tutandam

146 2774 183 2808 et
213 2773 487 2815 coe‘rccndam
519 2772 618 2814 illuc
647 2773 903 2824 collocasset,
937 2788 1060 2829 quam
1093 2775 1248 2815 Strabo
1280 2775 1374 2827 loco
1409 2790 1500 2814 mox
1534 2775 1632 2814 ass'c-
