1728 3041
719 112 781 122 -
837 86 918 138 <16
973 98 1050 124 2-

604 217 654 274 b)
716 218 787 263 De
815 232 983 276 yenere
1015 219 1157 265 Galle.

241 323 383 362 Genus
414 320 502 361 eius
540 323 637 361 satis
679 323 908 364 obscurum
960 323 1084 365 fuisse
1127 323 1328 380 videtur3¹
1348 325 1477 379 tradit
1511 307 1623 371 enim

124 395 240 439 Suet.
270 396 374 450 Aug.
405 395 493 447 66„
536 394 750 438 Caesarem
785 398 1015 450 Augustum
1047 412 1141 445 eum
1185 398 1244 445 ,ab
1284 380 1435 446 infima*
1456 387 1624 453 fortuna

123 469 174 508 ad
206 468 513 522 praefecturam
547 469 727 524 Aegypti
772 470 1023 529 provexisse.
1083 472 1366 521 Quamobrem
1408 469 1530 519 valde
1559 454 1620 525 er·

122 549 188 583 rat
223 542 505 603 Fontauinus,
538 544 609 598 qui
638 545 799 595 statuit,
834 558 929 585 eum
953 544 1006 584 ab
1038 529 1395 599 cqu‘cstri'ordine
1420 548 1620 603 originem

122 615 318 665 trahere,
361 619 476 656 euius
508 618 566 657 rei
603 617 900 658 documentum
934 616 1052 658 affert
1098 618 1178 658 hoc
1200 641 1231 670 ,⁴
1258 618 1372 674 quod
1401 620 1430 660 S
1452 620 1621 672 traho

123 696 163 730 et
195 689 445 730 Tacitus
486 687 689 738 tradant,
737 691 974 744 Aegyptum
1025 692 1104 731 iam
1131 690 1247 731 „inde
1290 704 1313 732 a
1362 692 1622 748 temporibus

120 762 187 802 Di
206 763 255 802 vi
296 765 325 803 A
345 776 370 802 u
391 763 545 816 gusti
595 776 671 816 μοι*
700 763 860 817 equites
892 763 1107 802 Romanos
1137 770 1289 820 rectam
1326 778 1414 804 esse
1438 778 1449 817 ς
1496 765 1620 821 facile

118 841 259 876 autem
292 841 385 876 erat
417 837 628 890 Augusto,
661 836 802 875 amicis
832 836 916 875 suis
945 834 1121 876 annulos
1150 843 1191 876 et
1223 836 1323 877 dare
1349 842 1392 878 et
1418 836 1618 880 adimere.

115 907 343 949 Praeterea
379 909 547 963 vestigia
593 907 860 963 ignobilitatis
907 908 1020 963 apud
1068 907 1101 948 A
1124 922 1163 949 m
1182 909 1334 949 mian
1354 923 1437 951 um
1471 910 1514 950 M
1532 925 1618 952 ar..

114 995 137 1021 c
153 981 305 1022 ellin
321 997 345 1021 u
362 996 400 1022 m
434 980 533 1021 mihi
569 980 716 1021 videor
738 980 1089 1036 deprehendisse3
1122 981 1152 1022 is
1185 981 1428 1024 enimdicit—
1452 982 1478 1024 l.
1500 980 1617 1038 17,4.

117 1053 451 1095 Cornelium
483 1052 712 1092 Gallum
747 1060 888 1092 metu
920 1052 1269 1094 nobilitatis
1307 1054 1615 1107 acerbe-in-

118 1126 400 1182 dignatae
437 1127 660 1166 stricto
710 1126 879 1165 ferro
926 1125 1296 1177 incubuisse,
1347 1141 1454 1182 quae
1484 1127 1611 1172 verba

110 1198 289 1239 clariora
319 1199 450 1248 fient,
499 1197 531 1238 si
566 1198 618 1237 ad
667 1205 838 1239 mortem
873 1197 982 1238 Galli
1029 1199 1358 1253 pervenerimus.
1418 1215 1528 1242 nunc
1569 1201 1612 1242 id

113 1270 289 1313 sufficiat
319 1272 476 1325 dicere,
510 1271 773 1313 nobilitatem
802 1272 962 1312 homini
1007 1272 1071 1313 sui
1116 1271 1274 1314 ordinis
1303 1286 1401 1313 sane
1439 1286 1523 1317 non
1556 1273 1613 1314 ita

115 1346 387 1387 vehementer
414 1360 693 1387 successuram
737 1345 877 1389 fuisse.
938 1345 1045 1386 Erat
1073 1346 1200 1400 igitur
1216 1345 1361 1388 Gallus
1392 1342 1519 1403 bomo
1542 1360 1613 1387 no—

109 1433 201 1470 vus,
232 1418 432 1459 oriundus
448 1432 470 1458 a
494 1417 647 1459 liberto
677 1417 858 1473 quodam
881 1419 927 1459 L.
953 1417 1020 1459 Co
1038 1418 1211 1459 ruelii
1240 1418 1268 1459 S
1288 1433 1315 1458 u
1332 1418 1365 1458 ll
1384 1434 1405 1458 a
1421 1433 1459 1464 e.
1486 1433 1611 1474 quem

110 1499 272 1533 constat
303 1490 651 1532 innumerabilem
694 1492 912 1532 hominum
942 1491 1255 1532 multitudinem
1297 1490 1338 1531 in
1371 1491 1607 1534 libertatem

108 1564 350 1615 asseruisse,
381 1561 460 1614 vel,
491 1562 603 1618 quod
634 1562 895 1618 probabilius
930 1563 1140 1604 Bekkerus
1170 1564 1324 1616 statuit,
1353 1563 1605 1605 Cornelii

110 1637 211 1676 Cin
233 1649 364 1687 nae3
398 1649 495 1675 nam
527 1650 656 1689 quum
688 1634 832 1676 Gallus
861 1643 1002 1691 postea
1045 1638 1075 1677 Ι.
1107 1637 1383 1677 Caesaris
1426 1636 1538 1679 Oct
1559 1652 1607 1677 a·

111 1711 170 1750 vi
191 1723 214 1749 a
231 1723 256 1749 n
278 1709 290 1748 i
330 1715 467 1763 partes
498 1714 666 1748 secutus
704 1707 754 1747 sit
803 1708 850 1758 (is
890 1715 1026 1747 autem
1077 1707 1158 1748 lul
1180 1709 1188 1747 i
1209 1709 1220 1748 i
1252 1705 1320 1748 Ca
1339 1722 1420 1748 esa
1440 1710 1517 1748 ris
1565 1715 1606 1749 et

109 1782 255 1821 Corn
273 1781 317 1821 el
337 1780 377 1820 ii
417 1780 628 1819 Cinnae
660 1778 883 1819 factionem
911 1781 1041 1819 tuitus
1071 1783 1171 1830 est,),
1204 1779 1282 1819 hoc
1310 1780 1487 1821 fortasse
1518 1795 1604 1821 me·

108 1868 203 1896 mor
232 1838 458 1904 beneficii,
491 1866 513 1891 a
545 1851 677 1891 Cinna
705 1852 747 1891 in
782 1859 944 1905 patrem
975 1850 1131 1902 collati,
1163 1851 1272 1895 fecit.
1332 1853 1496 1905 Quodsi
1524 1853 1604 1910 hoc

105 1927 161 1966 ita
193 1935 267 1978 est,
297 1932 458 1980 patrem
485 1924 613 1977 Galli,
645 1925 942 1965 manumissum
974 1938 997 1964 a
1023 1923 1175 1976 Cinna,
1203 1924 1244 1963 in
1264 1924 1457 1974 Galliam,
1491 1926 1604 1967 unde

105 2001 277 2041 fortasse
304 2007 347 2041 et
382 2001 465 2055 ipse
496 1998 700 2040 oriundus
730 2007 846 2050 erat,
890 1998 1122 2053 profectum
1154 2011 1241 2038 esse
1260 2027 1273 2048 ‚
1306 1998 1448 2052 ibique
1477 1997 1603 2039 domo

98 2088 171 2114 sua
203 2073 427 2113 constituta
465 2073 633 2113 Gallum
664 2078 854 2112 nostrum
885 2084 1127 2126 generasse,
1176 2070 1451 2124 probabiliter
1496 2085 1599 2113 con·

103 2146 172 2187 iici
201 2153 350 2201 potest.
1528 2145 1530 2147 ¹

216 2219 446 2273 Imaginem
476 2217 523 2258 C.
555 2215 737 2274 Cornelii
769 2215 911 2268 Galli,
942 2215 1014 2256 sed
1046 2229 1136 2269 eam
1165 2217 1351 2270 spuriam
1382 2223 1422 2255 et
1453 2230 1600 2256 recen-

99 2292 215 2333 tior-is
244 2291 426 2331 fabricae
444 2320 457 2340 ‚
488 2296 629 2330 extare
659 2291 701 2328 in
734 2289 777 2328 M
799 2302 893 2329 use
911 2303 936 2329 o
962 2289 1005 2328 M
1023 2286 1356 2328 azzuchelia
1376 2301 1400 2327 n
1418 2303 1443 2329 ο
1481 2287 1531 2331 Τ.
1562 2287 1597 2327 1.

104 2364 205 2408 tab.
239 2365 308 2408 111.
346 2377 385 2405 n.
416 2376 473 2418 9.,
505 2360 638 2401 refert
670 2359 875 2399 Saxius
907 2360 1189 2403 Onomast.
1221 2361 1254 2399 1.
1285 2374 1326 2415 p.
1361 2360 1452 2401 182.
