1728 3041
677 106 1015 154 -39-

107 254 220 284 mum
251 255 273 282 a
299 239 423 282 Gallo
447 242 628 279 vastatas
656 248 754 277 esse.
813 235 917 276 Nam
947 248 998 275 eo
1031 230 1216 289 tempore
1244 237 1286 273 et
1316 231 1446 274 multo
1474 241 1595 275 antea

110 316 194 356 iam
226 313 324 354 urbs
354 311 426 354 illa
447 309 610 353 ,nobilis
635 308 706 349 vix
730 306 922 363 exiguam
955 308 1175 362 imaginem
1203 305 1408 360 pristinae
1437 309 1598 361 magni-

108 385 299 435 licentiae
330 376 567 434 reserebat3
599 381 823 421 maximam
853 393 956 420 vero
990 387 1152 434 partem
1183 395 1204 419 a
1237 378 1442 435 Camb>se
1460 379 1596 434 depo..

105 459 248 514 pulata
277 464 321 498 et
348 457 479 497 excisa
509 454 587 495 fuit
616 446 795 505 (Strabo
824 451 958 507 1.ι·],
1000 466 1033 503 ι,
1062 450 1130 503 46,
1157 465 1204 514 p.
1233 451 1321 493 816
1348 452 1465 501 Cas.)

213 530 366 594 Poe‘tae
385 529 440 581 ²²)
473 540 640 583 quoque
671 524 912 568 conferendi
943 532 1068 566 sunt·
1057 555 1069 579 ‚
1100 524 1282 567 Ovidius
1298 526 1430 570 Trist.
1460 540 1498 578 2,
1512 524 1537 565 l
1524 524 1595 579 45

104 597 236 644 dicit':
407 639 409 641 .

213 676 302 724 Nec
330 672 409 736 fuit
438 670 669 728 opprobrio
699 671 930 714 celebrasse
954 670 1158 727 Lycorida
1191 671 1338 722 Gallo,

274 746 356 788 Sed
385 744 576 801 linguam
603 746 732 787 nimio
759 758 842 786 non
875 745 1056 786 tenuisse
1084 758 1213 786 mero.

106 821 216 863 Idem
246 834 376 862 amor.
409 818 451 868 5,
482 833 523 875 9,
556 817 638 859 63.
1279 863 1281 867 Ι

218 892 382 932 Obvius
413 891 510 932 huic
541 889 701 943 venias,
728 888 884 931 hedera
918 888 1115 930 iuvenilia
1145 889 1308 930 cinctus

272 963 509 1018 Tempora,
543 970 639 1003 cum
668 962 824 1014 Calvo,
855 960 978 1003 docte
1007 961 1187 1014 Catulle,
1218 969 1322 1012 tuo;

217 1038 283 1077 Tu
313 1050 481 1091 quoquc
499 1064 512 1088 ‚
541 1036 575 1076 si
608 1034 754 1075 falsum
783 1042 841 1075 est
871 1034 1062 1075 temerati
1096 1034 1255 1087 crimen
1286 1034 1437 1081 amici,

273 1107 494 1163 Sanguinis
526 1115 652 1162 atque
681 1106 844 1147 animae
869 1105 1038 1162 prodige
1067 1105 1189 1147 Galle
1215 1113 1324 1150 tuae.

104 1183 166 1224 E'x
217 1183 281 1223 his
324 1181 450 1236 igitur
494 1180 595 1235 quid
635 1178 901 1221 statuendum
940 1181 990 1219 sit
1023 1179 1253 1223 videamus.
1312 1179 1596 1231 Fontaninus,

104 1255 177 1310 qui
205 1254 272 1294 hic
300 1267 497 1309 quoque
494 1252 620 1293 nimii
647 1251 776 1293 studii
806 1250 1111 1292 insimulandus
1140 1259 1222 1307 cst,
1254 1258 1301 1293 ut
1333 1250 1443 1292 Galli
1475 1266 1595 1306 prae-

104 1326 298 1369 stantiam
328 1326 584 1381 virtutesque
613 1332 776 1380 augeat,
806 1339 936 1366 unum
966 1324 1110 1366 Ovidii
1142 1325 1280 1366 locum
1299 1323 1487 1402 sufficere
1518 1339 1595 1379 pu-

105 1406 166 1441 tat
198 1399 253 1441 ad
284 1413 372 1440 rem
402 1396 739 1439 diiudicandum·

216 1470 259 1510 Si
289 1469 439 1510 falsum
466 1475 528 1510 est
555 1467 747 1510 temerati
775 1468 938 1509 crimen
972 1468 1124 1520 amici,

105 1557 193 1598 quo
216 1543 353 1585 amico
371 1548 575 1583 temerato
609 1541 755 1595 (salso,
779 1541 925 1593 infido)
945 1541 1173 1583 <Valerium
1190 1542 1371 1597 Largum
1388 1542 1595 1598 designari

108 1620 223 1655 recte
251 1613 418 1670 quidem
448 1613 607 1654 statuit.
681 1614 824 1666 Quum
865 1621 1001 1654 tamen
1049 1614 1091 1653 in
1127 1613 1238 1656 hune
1267 1628 1398 1655 unum
1428 1627 1595 1656 omnem

108 1687 272 1741 culpam
299 1685 545 1738 transferri,
581 1685 835 1741 Gallumque
857 1685 972 1726 omni
989 1685 1164 1729 ‚crimine
1195 1685 1359 1727 liberari
1393 1685 1496 1739 vult,
1530 1701 1597 1728 er.

108 1766 189 1803 rat.
248 1760 350 1801 Nam
381 1774 405 1802 e
433 1759 571 1801 verbis
613 1760 759 1815 poe'tae
786 1759 958 1815 eiusque
987 1758 1130 1800 Ovidii
1160 1773 1345 1800 caussam
1378 1767 1462 1800 tam
1498 1775 1596 1815 gra..

106 1846 201 1874 vem
232 1832 440 1873 conficere
467 1839 511 1873 et
538 1833 753 1874 absol-vere
782 1833 916 1885 velle,
956 1833 1228 1874 temerarium
1259 1840 1336 1875 est.
1403 1833 1531 1884 Quod
1561 1834 1594 1874 si

106 1905 218 1944 enim
248 1903 425 1945 Ovidius
454 1903 579 1954 dicit,
617 1903 786 1945 Gallum
816 1903 860 1944 in
890 1904 969 1959 piis
985 1893 1174 1957 sedibus,¹
1196 1907 1240 1946 in
1262 1919 1364 1961 quas
1381 1911 1484 1945 ‘sane
1509 1920 1594 1945 non

104 1978 184 2018 nisi
214 1976 310 2032 puri
339 1984 380 2017 et
406 1978 589 2017 insontes
620 1977 860 2027 mittuntur,
891 1978 922 2018 si
953 1978 1119 2032 quidem
1142 1979 1283 2021 insons
1304 1980 1388 2034 ipse
1404 1980 1469 2030 sit,
1501 1992 1595 2019 ver-

105 2050 212 2102 sari,
263 2064 443 2105 eumque
487 2049 709 2103 hortatur,
758 2056 807 2091 ut
842 2050 1012 2091 Tibullo
1042 2051 1283 2092 advenienti
1314 2051 1483 2092 obviam
1510 2057 1592 2101 cat,

106 2122 273 2163 fictione
307 2122 470 2176 poetica
503 2136 601 2163 usus
628 2129 715 2172 est,
765 2135 847 2177 qua
894 2123 1037 2177 poetas
1081 2122 1251 2163 Latinos
1281 2123 1458 2163 eroticos
1487 2136 1591 2163 con-

106 2202 274 2251 gregat,
317 2193 384 2250 pia
412 2193 535 2236 simul
563 2195 605 2235 in
636 2194 851 2238 hominem
884 2195 1094 2251 egregium
1128 2203 1168 2237 et
1199 2194 1475 2237 venerabilem
1505 2211 1591 2237 me-

105 2268 249 2309 moria.
270 2269 320 2319 2³)

136 2440 138 2442 ,
164 2407 226 2455 22)
251 2406 458 2452 Propertius
486 2406 520 2447 2,
548 2406 609 2448 34,
640 2408 685 2444 91
714 2405 862 2450 yidetur
890 2406 1001 2441 aliter
1016 2406 1062 2441 de
1080 2411 1196 2440 morte
1214 2405 1313 2440 Galli
1342 2405 1493 2447 referre,
1522 2406 1588 2440 sed

251 2469 351 2503 hunc
377 2469 497 2502 locum
521 2480 620 2503 nunc
647 2470 869 2504 omittemus.

160 2533 223 2581 23)
252 2534 443 2568 Praeterea
467 2533 646 2580 particula
672 2533 712 2567 si
743 2533 873 2576 docet,
918 2533 1092 2567 Ovidium
1126 2533 1246 2579 ipsum
1273 2532 1320 2568 de
1351 2533 1450 2568 Galli
1481 2535 1588 2579 culpa

248 2598 401 2632 dubium
428 2603 466 2633 et
493 2595 702 2643 ambiguum
727 2596 852 2632 fuisse.
904 2596 1075 2631 Ceterum
1105 2596 1351 2632 conferendus
1377 2602 1430 2631 est
1445 2596 1490 2631 de
1506 2602 1583 2631 tota

246 2673 370 2697 caussa
389 2660 574 2696 Bekkerus
602 2663 641 2697 in
671 2662 803 2704 Gallo,
830 2662 892 2709 qui
922 2662 1061 2709 optime
1089 2669 1126 2698 et
1152 2663 1422 2709 elegantissime
1451 2661 1496 2694 de
1522 2672 1583 2695 or-

248 2726 345 2768 dine,
371 2738 445 2774 quo
471 2731 551 2761 acta
577 2727 637 2769 sit,
662 2727 826 2774 quamvis
851 2726 969 2763 libero
998 2727 1138 2763 iudicio
1163 2733 1200 2763 et
1228 2727 1366 2772 fingens
1387 2723 1582 2772 quaedam,

247 2802 342 2841 quae
370 2791 484 2828 nullis
510 2792 729 2840 scriptorum
757 2792 978 2829 testimoniis
997 2793 1179 2836 nituntur,
1206 2792 1386 2839 exposuit.
