1728 3041
693 83 761 101 .-—
832 59 1032 108 42...-

119 188 369 231 senientiam
387 189 650 249 *firmandam
679 190 877 233 confert„
900 189 1008 234 Nam
1036 189 1086 241 si,
1119 196 1167 233 ut
1196 187 1502 232 demonstrasse
1534 205 1611 233 no-

117 260 182 302 bis
217 262 438 312 videmur,
490 262 568 303 hae
606 262 869 325 Qimum
908 261 962 317 ad
997 262 1174 319 Aegypti
1207 262 1610 323 administrationem

117 335 362 390 spectabant
383 366 396 389 ,
440 335 631 390 Augusto
660 350 761 377 sane
791 335 832 376 id
868 333 1090 396 molestum
1124 335 1297 380 dehabet
1329 351 1430 389 esse,
1454 338 1610 378 servari

116 390 199 449 illis
226 408 417 451 versibus
448 404 557 465 apud
588 408 794 465 populum
824 410 1065 451 memoriam
1090 409 1183 462 viri,
1212 412 1283 466 qui
1302 424 1432 466 quum
1453 410 1610 465 optime

117 482 170 523 de
199 498 242 523 se
269 485 471 524 meruerit
498 473 836 539 postea'propter
869 480 1005 524 levem
1024 482 1303 537 suspicionem
1322 482 1506 539 perditus
1540 484 1607 526 sit.

116 556 366 597 Gratificans
398 556 528 612 igitur
555 558 744 612 Aug'u'sto
776 552 1076 610 Virgilius-eas
1106 553 1276 608 delevit,
1302 556 1608 612 aliosquever·

114 644 185 669 sus
217 629 462 682 substituit3
494 643 579 671 non
612 631 710 671 item
741 644 814 683 ea,
845 642 952 684 quae
972 628 1027 670 de
1047 628 1170 671 Gallo
1196 629 1238 670 in
1261 628 1465 673 Bucolicis
1488 643 1607 685 prse-

115 702 341 752 dicaverut‚
371 717 478 759 quae
509 703 568 744 nil
598 702 819 754 haberent,
850 701 1004 758 quibus
1037 702 1257 757 Augustus.
1278 700 1603 757 posset-offendi.

232 779 294 817 lta
327 778 589 819 inimicorum
620 775 735 817 falsis
763 775 1008 817 criminibus
1038 775 1216 816 obrutus
1245 783 1286 817 et
1323 776 1512 831 perditus
1543 783 1605 818 cst

115 850 243 892 homo
269 840 513 906 praeclarus
543 855 587 891 et
614 849 787 903 dignus,
816 849 888 904 qui
911 849 1080 890 meliore
1108 849 1277 890 fortuna
1311 854 1527 899 uteretur,
1563 856 1604 890 et

114 924 258 978 siqua
300 921 450 965 maiam
495 928 637 963 notam
674 922 865 976 Augusto
896 921 1170 975 inusserunt,
1217 936 1315 963 sane
1361 922 1463 963 haec
1494 920 1603 962 Gaui

112 1000 173 1036 est
201 993 432 1040 damnatio.

235 1216 351 1260 Haec
396 1217 596 1270 fuerunt,
641 1232 750 1274 quae
779 1218 833 1260 de
864 1220 911 1261 C.
940 1219 1122 1260 Cornelii
1153 1219 1262 1260 cani
1298 1219 1384 1260 vita
1412 1219 1603 1274 disputa-

112 1303 230 1339 rem3
259 1288 494 1346 qui-fuerit
521 1290 766 1348 vir,‚quaess
788 1291 978 1348 gesserit,
1010 1291 1160 1349 quibus
1190 1306 1287 1333 usus
1318 1292 1370 1333 sit
1403 1292 1600 1351 moribus,

111 1376 220 1418 quae
253 1363 586 1406 necessitudines
613 1366 650 1405 ei
679 1379 775 1406 cum
803 1364 893 1405 aliis
925 1364 1015 1406 eius
1045 1365 1248 1420 temporis
1269 1365 1370 1406 viris
1401 1367 1601 1408 interces-

108 1435 264 1487 serint,
310 1450 438 1490 quam
468 1438 644 1478 maxime
674 1437 760 1478 fieri
790 1443 978 1492 poterat,
1021 1451 1045 1477 e
1078 1439 1360 1478 monumentis
1391 1438 1603 1489 literarum

107 1522 256 1549 eruere
284 1515 483 1564 expertus
507 1525 615 1554 sum.
674 1511 925 1564 Priusquam
957 1517 1093 1555 tamen
1118 1509 1439 1569 disputationem
1469 1524 1602 1552 meam

106 1579 262 1631 finiam,
296 1580 341 1622 id
373 1581 577 1636 monebo,
606 1580 777 1624 Gallum
809 1588 999 1623 nostrum
1030 1595 1126 1622 cum
1156 1580 1247 1622 aliis
1277 1582 1461 1633 ciusdem
1491 1589 1599 1625 tem-

106 1655 227 1709 poris
257 1654 527 1711 eiusdemque
576 1656 758 1697 nominis
791 1654 1031 1696 hominibus
1072 1669 1197 1710 saepe
1240 1655 1458 1697 confusum
1498 1670 1598 1699 esse.

108 1725 251 1781 Atque
276 1732 323 1767 ut
354 1741 465 1769 nunc
494 1728 546 1768 de
574 1728 665 1768 aliis
696 1727 839 1769 sileam
858 1758 870 1777 ,
915 1722 1061 1784 aperte
1091 1727 1293 1780 diversis,
1339 1742 1386 1769 ex
1416 1729 1465 1768 iis
1495 1728 1601 1770 Pro-

108 1799 228 1853 pertii
260 1797 377 1851 locis,
410 1800 481 1841 ubi
512 1800 623 1841 Galli
655 1807 969 1852 memorantur,
1000 1813 1110 1841 unus
1138 1805 1306 1840 tantum
1330 1801 1381 1842 ad
1410 1808 1600 1841 nostrum

108 1872 313 1927 pertinet,
344 1870 373 1913 l.
402 1885 446 1925 2,
480 1870 555 1924 54,
582 1884 631 1927 9¹
651 1901 662 1920 ‚
694 1871 747 1912 de
776 1885 862 1926 quo
893 1871 934 1911 in
966 1870 1098 1911 altera
1133 1879 1249 1924 parte
1280 1870 1599 1924 disputabinms.

69 1927 79 1933 x
107 1943 246 1984 Ceteri
280 1942 393 1984 Galli
427 1957 451 1982 a
485 1949 629 1983 nostro
658 1942 812 1983 diversi
832 1949 945 1991 sunt,
981 1943 1035 1983 de
1054 1958 1136 1998 qua
1175 1958 1219 1984 re
1250 1942 1429 1996 Bogisiai
1457 1943 1599 1983 Hertz-

108 2014 236 2070 bergii
268 2021 382 2056 extat
416 2013 659 2056 dissertatio
707 2014 756 2055 iu
800 2010 1256 2069 quaestionibus
1279 2013 1597 2069 Propertiu-

109 2088 215 2128 nis:
249 2087 311 2147 de
344 2088 618 2128 amicitiis
651 2088 968 2140 Propertii,
1013 2089 1055 2127 in
1088 2101 1170 2141 qua
1199 2084 1403 2146 ¹nonnuiia
1436 2085 1488 2125 de
1520 2100 1598 2125 no..

104 2168 192 2203 stro
230 2174 400 2216 quoque
430 2160 537 2201 dicta
568 2166 679 2203 sunt.
740 2160 857 2211 Quae
908 2159 961 2200 de
995 2159 1192 2202 Cornelio
1237 2157 1359 2200 Gallo
1404 2157 1598 2213 disputat,

105 2248 234 2289 pannea
267 2242 364 2274 suut
397 2241 437 2273 et
467 2233 704 2282 notissima,
754 2232 866 2287 quod
909 2247 1010 2274 vero
1057 2232 1228 2274 Gallum
1273 2232 1596 2285 Propertianum

103 2308 276 2357 attinet,
304 2321 465 2347 mecum
499 2306 732 2356 consentit,
760 2306 975 2346 diversum
1006 2321 1102 2347 eum
1128 2320 1217 2346 esse
1242 2320 1265 2346 a
1293 2311 1435 2347 nostro
1455 2302 1594 2347 Gallo.

218 2378 304 2420 Vos
338 2393 440 2420 vero
475 2378 554 2429 his,
589 2378 904 2433 quaiiacunque
932 2384 1057 2429 sunt,
1088 2377 1239 2422 favete.

582 2569 1129 2595 0*-

964 2958 968 2964 s
1602 2882 1728 3041 ,Α
