1728 3041
722 117 890 193 “44
954 143 1017 154 .-

128 262 232 291 nera
264 248 316 289 ab
343 248 396 288 iis
425 246 538 288 culta
568 246 678 299 siut,
715 245 1100 302 epigrammaticum
1128 248 1176 289 etv
1200 236 1400 291 eroticum
1418 240 1615 303 ,leviora

130 337 242 373 sane,
275 327 465 377 quaeque
492 321 706 376 ingenium
725 321 935 375 poeticum
954 334 1037 361 non
1058 321 1116 362 ita
1134 308 1431 378 desiderarent.
1481 328 1616 382 Atque

133 403 181 437 ut
212 396 373 437 facilius
408 401 495 445 est,
536 400 668 435 artem
702 394 885 447 imitari,
930 408 1055 449 quam
1088 400 1312 449 naturam,
1359 399 1455 453 quia
1487 399 1615 442 altera

129 470 324 519 discitur,
355 467 485 509 altera
509 481 593 508 una
623 481 717 508 cum
749 467 926 509 homine
941 468 1143 519 nascitur,
1171 469 1229 509 ita
1251 471 1615 529 Romani'quoque

126 558 210 584 uon
240 541 426 583 infelices
468 540 625 581 horum
669 541 893 595 poetarum
937 543 1164 582 extiterunt
1211 540 1450 586 imitatores.
1498 544 1614 601 vEpi-

126 621 373 671 grammata‚
406 613 577 669 singulis
608 613 805 654 distichis
837 613 1030 663 condita,
1068 613 1184 654 felici
1217 629 1340 670 saepe
1368 617 1613 659 inventione

127 696 168 730 et
199 688 456 743 expositione
487 687 584 727 satis
615 686 817 741 elegante,
851 676 935 726 iam
955 693 1117 727 mature
1132 687 1241 743 apud
1262 702 1332 729 eos
1360 690 1610 742 invenimus,

128 762 245 802 cuius
280 764 340 802 rei
374 758 559 815 exempla
589 759 757 800 afferam
789 759 917 800 Ennii
951 760 1209 813 epitaphium
1229 791 1240 813 ,
1271 762 1323 801 ab
1352 763 1440 816 ipso
1467 764 1612 805 confe-

128 841 259 886 ctum,
293 841 335 874 et
363 848 427 883 ea,
460 847 566 887 quae
600 832 733 873 Aulus
762 832 916 872 Gellius
949 832 999 874 N.
1022 831 1075 873 A.
1094 831 1120 874 l.
1146 845 1206 887 19,
1227 847 1261 872 c.
1286 846 1326 887 9.
1356 834 1408 874 de
1439 834 1613 877 Valerio

127 908 318 958 Aedituo,
352 907 496 947 Porco
525 904 689 947 Licinio
720 912 763 947 et
794 906 847 958 Q.
874 903 1041 946 Catullo
1060 906 1198 947 refert.
1257 907 1294 948 E
1319 909 1612 952 coniunctione

125 982 273 1023 talium
306 980 598 1032 distichorum,
629 993 737 1035 quae
765 993 887 1034 saepe
920 979 1094 1020 eandem
1123 980 1369 1021 sententiam
1392 980 1514 1023 ‘varie
1540 997 1612 1023 ex-

124 1057 300 1112 positam
330 1054 583 1102 referebant,
617 1054 778 1093 maiora
791 1054 995 1105 carmina,
1028 1052 1200 1107 elegidia
1219 1053 1345 1105 dicta,
1375 1062 1609 1105 evaserunt,

128 1130 246 1183 isque
281 1127 373 1167 fons
402 1126 481 1166 fuit
510 1125 709 1171 carminis
742 1124 912 1180 elegiaci
953 1124 1067 1179 apud
1101 1126 1335 1177 Romanos,
1372 1128 1405 1166 si
1443 1127 1613 1182 quidem

116 1204 306 1242 ‘formam
337 1205 501 1239 tantum
533 1204 777 1252 spectamus.
834 1197 987 1252 Atque
1024 1198 1152 1252 elegia
1183 1199 1399 1249 Romana,
1440 1199 1613 1254 originis

121 1274 245 1314 huius
279 1286 450 1322 memor,
485 1270 527 1310 id
557 1285 580 1310 a
613 1271 775 1311 Graeca
820 1268 976 1321 differt,
1005 1270 1116 1324 quod
1148 1270 1306 1325 singula
1336 1271 1513 1315 disticha
1544 1273 1609 1312 in·

124 1354 289 1402 tegram
320 1346 362 1385 et
394 1345 624 1385 absolutam
656 1344 904 1384 sententiam
934 1345 1289 1399 complectuntur,
1325 1359 1454 1399 quum
1484 1347 1526 1385 in
1560 1346 1608 1386 iis

124 1420 283 1474 elegiis,
313 1433 420 1473 quae
452 1432 496 1457 ex
531 1417 767 1471 antiquiore
803 1418 1066 1457 Graecorum
1096 1419 1209 1472 poesi
1241 1418 1363 1457 etiam
1397 1431 1512 1459 nunc
1541 1432 1610 1458 ex-

123 1495 228 1546 tant,
258 1507 332 1548 per
365 1491 488 1546 plura
525 1489 698 1531 disticha
731 1504 854 1545 saepe
884 1489 1026 1531 eadem
1047 1492 1254 1531 sententia
1270 1493 1321 1532 sit
1346 1492 1605 1536 continuata.

236 1565 363 1617 Quod
387 1564 522 1618 igitur
552 1562 792 1618 significare
822 1562 1039 1613 volebam,
1071 1563 1150 1603 hoc
1182 1572 1264 1604 est:
1307 1566 1605 1618 praestantiam

124 1638 280 1693 elegiae
309 1637 521 1677 Romanae
551 1649 746 1690 magnam
777 1641 938 1690 partem
975 1636 1014 1675 in
1056 1635 1187 1676 forma
1227 1636 1356 1688 verti,
1401 1636 1606 1693 simplices

123 1725 209 1755 esse
238 1710 461 1750 sententias
494 1709 602 1762 ipsas
633 1716 673 1749 et
704 1722 826 1762 saepe
856 1708 1019 1748 easdem
1049 1723 1304 1760 recurrere3
1356 1709 1466 1750 hanc
1505 1725 1605 1751 vero

124 1782 432 1838 simplicitatem
467 1781 615 1821 ornari
647 1781 813 1836 egregia
842 1787 932 1821 arte
955 1781 1190 1821 orationem
1221 1781 1436 1833 variandi,
1473 1783 1609 1823 nitere

125 1856 317 1898 carmina
349 1855 578 1910 imaginum
608 1853 850 1909 splendore,
883 1868 1034 1908 magna
1065 1867 1185 1909 saepe
1206 1854 1410 1907 doctrina,
1441 1856 1609 1897 erebus

124 1928 320 1986 mythicis
350 1929 502 1983 petita,
553 1926 737 1981 denique
776 1926 980 1982 elegantia
1011 1927 1216 1968 orationis
1246 1935 1288 1968 et
1316 1942 1461 1969 versus
1489 1943 1607 1969 com-

124 2002 314 2043 mendari
346 2014 531 2050 summa3
578 2000 619 2040 in
651 1999 717 2040 his
747 1999 942 2040 omnibus
974 1999 1207 2054 exemplum
1238 2006 1281 2041 et
1312 2001 1607 2044 auctoritatem

124 2081 347 2131 poetarum
381 2072 765 2113 Alexandrinorum
796 2078 957 2113 secutos
986 2086 1074 2113 esse
1102 2079 1244 2127 poetas
1275 2073 1458 2118 Latinos.

242 2148 363 2198 Quae
396 2160 528 2201 quum
561 2146 617 2185 ita
649 2145 760 2196 sint,
808 2145 939 2198 elegia
967 2145 1115 2184 Latina
1150 2159 1247 2186 sane
1279 2146 1404 2201 digna
1438 2154 1524 2199 est,
1563 2149 1606 2186 in

130 2234 257 2274 quam
289 2219 479 2259 virorum
510 2217 733 2258 doctorum
766 2216 904 2257 studia
936 2224 1255 2261 convertantur,
1316 2232 1412 2258 nam
1446 2218 1607 2259 etiamsi

128 2291 309 2332 multum
353 2292 436 2331 iam
460 2290 555 2331 hac
586 2291 627 2330 in
663 2304 706 2330 re
736 2305 759 2329 a
793 2290 893 2331 viris
928 2290 1216 2330 eruditissimis
1254 2290 1307 2331 sit
1345 2290 1606 2345 praestitum,

128 2370 266 2403 tamen
300 2377 384 2404 non
418 2376 548 2416 pauca
582 2368 766 2412 restant,
812 2375 919 2415 quae
950 2361 1036 2403 face
1065 2362 1211 2402 critica
1240 2364 1363 2403 etiam
1399 2376 1510 2404 nunc
1540 2362 1607 2402 in-

127 2436 307 2490 digeant.
356 2436 417 2476 Ac
447 2435 549 2475 mihi
585 2433 753 2489 quidem
786 2433 960 2475 Naeki
979 2448 1003 2474 u
1022 2448 1068 2487 S,
1110 2436 1353 2476 immortalis
1380 2437 1607 2477 memoriae

125 2509 220 2559 vir,
265 2507 337 2563 qui
376 2516 577 2561 quantum
606 2508 649 2547 in
695 2507 825 2563 poe'tis
853 2506 1040 2563 elegiacis
1074 2515 1261 2549 versatus
1289 2508 1440 2559 suerit,
1486 2521 1607 2549 nemo

128 2580 281 2628 nescit,
314 2587 463 2620 auctor
495 2587 535 2620 et
560 2595 702 2621 suasor
732 2581 829 2632 fuit,
859 2588 905 2620 ut
934 2581 977 2619 in
1009 2580 1274 2620 Cornelii
1304 2580 1474 2631 Galli,
1505 2583 1609 2634 poe-

126 2660 193 2692 tae
224 2651 422 2707 elegiaci,
452 2664 561 2707 quae
589 2659 683 2692 sunt
714 2659 905 2693 veterum
934 2652 1189 2706 scriptorum
1222 2651 1478 2703 testimonia,
1512 2652 1608 2692 satis

127 2724 257 2774 clari,
289 2724 417 2765 vitam
450 2731 491 2764 et
519 2725 675 2778 scripta
706 2725 972 2778 inquirerem.
1036 2725 1113 2764 Hic
1145 2727 1255 2765 enim
1286 2739 1416 2780 quum
1446 2725 1489 2764 in
1516 2723 1608 2764 aliis

126 2796 359 2838 carminum
390 2804 428 2838 et
458 2797 678 2839 literarum
707 2796 1126 2852 generibusabunde
1157 2796 1293 2840 laudis
1323 2796 1488 2851 meruit,
1517 2804 1605 2839 tum
