1728 3041
669 96 1007 142 ...12-

90 222 122 267 Ι.
154 220 423 277 Baptista
453 223 809 267 Palearinus
840 225 1012 281 quidam
1043 239 1121 281 pro
1152 226 1397 268 Etruria
1429 239 1585 283 suppon

87 294 172 336 suit
191 296 410 340 vicetiam.
473 297 538 347 En
568 311 655 338 rem
676 297 856 353 lepidam
888 305 930 340 et
953 299 1157 352 festivam,
1188 300 1240 341 de
1268 314 1350 355 qua
1381 300 1586 344 iudicium

89 367 317 423 unicuique
352 368 560 424 reliquum
606 369 724 410 facim
781 369 947 409 Gallum
978 371 1309 412 Fon-oliviensern
1349 378 1393 412 et
1425 372 1586 413 Viceti-

88 455 190 482 num
219 441 279 482 illi
308 440 389 482 sibi
419 441 621 497 habeant,
651 449 693 483 et
722 443 952 498 glorientur
984 442 1036 483 de
1065 445 1155 484 cive
1186 451 1269 485 tam
1298 444 1477 500 egregio,
1512 458 1584 486 nos

87 514 142 555 ad
175 514 342 555 Gallum
372 513 706 556 Foroiuliensem
737 500 971 556 redeamus.

203 587 406 642 Constat,
453 587 561 630 duas
603 589 803 645 imprimis
838 588 963 630 urbes
992 587 1119 630 fuisse
1146 588 1441 634 nomineFori
1478 587 1585 642 Iulii,

88 660 259 700 alteram
304 661 348 702 in
395 659 597 702 Gallia
641 660 1009 702 Narbonensi
1047 665 1176 714 (nunc
1205 662 1355 716 Frejus
1400 663 1587 715 dictam),

88 732 263 791 alteram
293 734 337 776 in
369 734 656 789 Venetis⁶)
689 738 817 793 (nunc
852 735 1021 786 Friuli).
1078 736 1190 778 Hine
1220 734 1441 777 discedunt
1467 737 1584 778 viro-

87 820 184 847 rum
222 807 439 848 doctorum
481 809 724 863 opiniones,
770 809 889 849 alteri
931 808 1083 851 volunt
1113 823 1211 849 eum
1241 817 1385 849 natum
1412 819 1502 852 esse
1542 808 1586 849 in

88 879 223 929 Gallia
252 881 541 934 Narbonensi,
581 882 704 923 alteri
757 882 799 922 in
837 889 953 923 terra
987 882 1263 924 Venetorum.
1323 882 1587 924 Fontaninus

88 952 256 1008 quidem
286 952 420 995 multa
452 969 548 996 cum
576 969 705 1010 opera
737 961 778 995 et
808 954 944 996 multo
972 954 1116 996 labore
1147 956 1253 996 hanc
1284 955 1458 997 alteram
1491 969 1586 995 sen-

87 1029 265 1068 tentiam
293 1026 509 1076 defendit,
550 1034 593 1068 et
637 1029 920 1068 assentiuntur
949 1028 987 1069 ei
1021 1028 1304 1070 Tiraboschus
1330 1037 1372 1069 et
1400 1029 1588 1077 Lirutus,

90 1098 223 1154 quod,
254 1113 387 1155 quum
418 1098 511 1140 Itali
543 1099 654 1151 sint,
685 1099 839 1141 nemini
871 1099 1026 1141 mirum
1059 1099 1287 1144 videbitur.
1346 1099 1436 1141 Sed⁴
1458 1100 1589 1141 fateor

89 1185 157 1213 me
184 1174 443 1226 argumentis
473 1172 559 1214 eius
587 1170 704 1212 nullo
735 1171 863 1211 modo
893 1172 1165 1222 commoveri,
1197 1179 1246 1212 ut
1275 1171 1329 1213 ad
1358 1172 1467 1213 hanc
1496 1184 1588 1213 sen-

89 1244 263 1286 tentiam
291 1243 486 1285 accedam
504 1259 527 1298 3⁴
548 1259 657 1301 quae
685 1244 796 1286 enim
837 1242 958 1284 affert
975 1274 988 1297 ‚
1018 1244 1172 1299 partim
1204 1243 1304 1285 falsa
1332 1251 1456 1296 sunt,
1487 1259 1587 1300 par-

91 1318 167 1358 tim
197 1317 256 1359 ita
286 1326 549 1373 comparata,
580 1326 628 1359 ut
655 1319 786 1374 magis
819 1318 1013 1359 videatur
1043 1318 1281 1372 opinionem
1312 1332 1591 1374 praeoccupa-

94 1390 457 1438 tamysubstruere
499 1390 630 1444 velle,
677 1405 804 1445 quani
846 1391 948 1446 quid
980 1405 1127 1431 verum
1155 1391 1238 1439 sit,
1291 1391 1453 1432 sincere
1500 1405 1571 1446 per

92 1464 315 1517 vestigare.

208 1535 272 1575 Ne
302 1542 439 1575 tamen
482 1534 624 1575 videar
666 1548 761 1576 eum
803 1535 952 1575 iniuste
979 1548 1195 1586 accusare,
1246 1535 1326 1575 iam
1353 1535 1587 1589 ostendam,

87 1622 216 1662 quam
249 1607 374 1658 levia,
406 1608 509 1661 quin
535 1621 661 1661 quam
690 1607 824 1646 futilia
853 1608 935 1646 sint
964 1614 1225 1659 argumenta,
1262 1608 1415 1662 quibus
1442 1608 1590 1660 utitur,

92 1680 335 1737 praesertim
364 1694 493 1735 quum
541 1680 637 1722 inde
665 1680 825 1737 aliquid
857 1681 1067 1721 commodi
1097 1682 1139 1721 in
1183 1687 1368 1722 nostram
1398 1695 1490 1722 rem
1519 1695 1590 1722 re-

92 1754 267 1796 dundet.
330 1755 443 1797 Dicit
489 1755 696 1808 primum,
746 1754 807 1793 Hi
825 1768 848 1794 e
867 1768 888 1792 r
905 1767 931 1793 o
944 1768 1008 1808 ny
1026 1767 1065 1793 m
1082 1768 1107 1792 u
1127 1767 1166 1792 m
1182 1783 1195 1805 ,
1242 1768 1373 1808 quum
1420 1754 1590 1794 Eusebii

91 1827 336 1870 chronicon
366 1841 467 1869 sane
498 1840 581 1867 non
613 1825 655 1867 in
688 1824 827 1867 Gallia
857 1824 1116 1868 Narbonensi
1137 1856 1153 1875 ,
1189 1825 1258 1867 sed
1288 1826 1590 1868 Constantino-

93 1899 178 1954 poli
214 1901 403 1953 auxerit‚
433 1901 557 1940 etiam
590 1913 666 1954 per
695 1907 858 1953 tempus
897 1899 1069 1954 aliquod
1102 1899 1410 1954 Aquileiae
1450 1900 1492 1939 in
1527 1900 1591 1939 vi-

96 1973 206 2020 cinia
235 1974 335 2014 Fori
381 1972 478 2013 Iulii
509 1972 657 2013 vixerit
677 2002 708 2021 ‚,
731 1970 812 2013 hoc
843 1971 976 2027 ipsum
1007 1972 1167 2026 optime
1199 1984 1344 2022 nosse,
1378 1980 1512 2029 neque
1540 1972 1594 2012 d'e

94 2047 176 2087 alia
207 2046 332 2087 huius
361 2046 540 2086 nominis
570 2046 678 2086 urbe
705 2045 889 2100 cogitare
917 2046 1109 2099 potuisse.
1166 2044 1287 2096 Quae
1323 2051 1408 2084 tam
1448 2045 1592 2100 inepta

93 2127 212 2172 sunt,
243 2125 292 2160 ut
312 2126 477 2173 tempus
493 2119 536 2158 in
559 2117 608 2158 iis
630 2115 867 2158 refellendis
888 2123 1030 2157 terere
1060 2114 1207 2156 nolim.
1267 2114 1411 2171 Pergit
1429 2114 1592 2168 deinde,

96 2193 150 2234 ad
182 2192 378 2247 ambages
418 2190 609 2231 vitandas
656 2203 752 2229 eum
799 2188 911 2230 hand
950 2187 1078 2228 dubie
1103 2187 1292 2228 distincte
1339 2195 1383 2228 et
1428 2187 1589 2229 disertis

98 2265 267 2317 verbis,
329 2266 361 2305 si
411 2263 619 2305 coloniam
661 2262 978 2303 Narbonensem
1030 2260 1207 2316 intelligi
1249 2259 1469 2311 voluisset,
1514 2260 1595 2301 hoe-

97 2337 430 2392 significaturum
462 2336 604 2384 fuisse,
638 2335 879 2389 praesertim
910 2349 1043 2389 quum
1073 2334 1233 2373 Forum
1261 2334 1370 2383 Iulii,
1409 2334 1459 2374 in·
1481 2340 1594 2373 terra

99 2410 360 2452 Venetorum
394 2409 537 2460 situm,
570 2409 759 2450 omnium
789 2407 913 2448 suen-it
941 2406 1213 2448 clarissimum
1240 2414 1281 2448 et
1316 2406 1594 2458 notissimum,

174 2590 214 2640 6)
255 2590 325 2624 Vel
363 2592 484 2636 potius
521 2593 559 2626 in
600 2592 768 2625 confiniis
811 2591 1011 2625 Carnorum
1049 2596 1086 2625 et
1130 2589 1378 2632 Venetoruin3
1421 2588 1592 2635 Aquileia

246 2659 371 2696 certe,
401 2667 495 2704 quae
521 2654 622 2689 haud
649 2656 776 2702 procul
805 2667 824 2689 a
854 2655 946 2689 Foro
974 2653 1060 2687 lulii
1086 2652 1238 2696 aberat,
1277 2653 1348 2687 iam
1375 2657 1478 2687 extra
1506 2651 1597 2686 lines

246 2722 476 2755 Venetorum
502 2725 581 2753 erat
606 2719 726 2764 posita
744 2718 893 2764 (Strabo
915 2718 949 2760 5,
969 2717 999 2759 1,
1014 2717 1064 2765 8).
1115 2717 1188 2752 Sed
1214 2717 1305 2752 fines
1331 2714 1429 2752 inter
1455 2720 1595 2751 utrum-

248 2792 320 2831 que
349 2779 533 2830 populum
560 2791 635 2816 nou
663 2781 715 2816 ita
742 2782 833 2817 certi
863 2792 984 2829 neque
1011 2787 1222 2819 constantes
1248 2781 1417 2820 videntur
1447 2780 1570 2816 fuisse.
